@STRING{jcp = "J. Comput. Phys."}
@STRING{jfm = "J. Fluid Mech."}
@STRING{mcomp = "Math. Comput."}
@STRING{sinum = "SIAM J. Num. Anal."}
@STRING{sissc = "SIAM J. Sci. Stat. Comput."}
@STRING{sjsc = "SIAM J. Sci. Comput."}
@STRING{spej = "Soc. Pet. Eng. J."}
@STRING{jdgeom = "J. Differential Geometry"}

@article{van2002space,
  title={Space--time discontinuous Galerkin finite element method with dynamic grid motion for inviscid compressible flows: I. General formulation},
  author={Van der Vegt, JJW and Van der Ven, H},
  journal={Journal of Computational Physics},
  volume={182},
  number={2},
  pages={546--585},
  year={2002},
  publisher={Elsevier}
}

@article{van2002space,
  title={Space--time discontinuous Galerkin finite element method with dynamic grid motion for inviscid compressible flows: II. Efficient flux quadrature},
  author={Van der Ven, H and Van der Vegt, JJW},
  journal={Computer methods in applied mechanics and engineering},
  volume={191},
  number={41},
  pages={4747--4780},
  year={2002},
  publisher={Elsevier}
}

@article{klaij2006space,
  title={Space--time discontinuous Galerkin method for the compressible Navier--Stokes equations},
  author={Klaij, Christiaan M and van der Vegt, Jaap JW and van der Ven, Harmen},
  journal={Journal of Computational Physics},
  volume={217},
  number={2},
  pages={589--611},
  year={2006},
  publisher={Elsevier}
}

@article{klaij2006pseudo,
  title={Pseudo-time stepping methods for space--time discontinuous Galerkin discretizations of the compressible Navier--Stokes equations},
  author={Klaij, Christiaan M and van der Vegt, Jaap JW and van der Ven, Harmen},
  journal={Journal of Computational Physics},
  volume={219},
  number={2},
  pages={622--643},
  year={2006},
  publisher={Elsevier}
}

@article{hartmann2006adaptive,
  title={Adaptive discontinuous Galerkin methods with shock-capturing for the compressible Navier--Stokes equations},
  author={Hartmann, Ralf},
  journal={International Journal for Numerical Methods in Fluids},
  volume={51},
  number={9-10},
  pages={1131--1156},
  year={2006},
  publisher={Wiley Online Library}
}

@phdthesis{sprague2002advanced,
  title={Advanced computational techniques for the analysis of 3-D fluid-structure interaction with cavitation},
  author={Sprague, Michael Alan},
  year={2002},
  school={University of Colorado}
}

@article{suresh1994assessment,
  title={An assessment of spectral nonoscillatory schemes},
  author={Suresh, Ambady},
  journal={Journal of Computational Physics},
  volume={114},
  number={2},
  pages={339--349},
  year={1994},
  publisher={Elsevier}
}

@article{liu2007central,
  title={Central discontinuous Galerkin methods on overlapping cells with a nonoscillatory hierarchical reconstruction},
  author={Liu, Yingjie and Shu, Chi-Wang and Tadmor, Eitan and Zhang, Mengping},
  journal={SIAM Journal on Numerical Analysis},
  volume={45},
  number={6},
  pages={2442--2467},
  year={2007},
  publisher={SIAM}
}

@article{tee2006rational,
  title={A rational spectral collocation method with adaptively transformed Chebyshev grid points},
  author={Tee, T Wynn and Trefethen, Lloyd N},
  journal={SIAM Journal on Scientific Computing},
  volume={28},
  number={5},
  pages={1798--1811},
  year={2006},
  publisher={SIAM}
}

@article{Xu20091737,

title = "Spectral/HP element method with hierarchical reconstruction for solving nonlinear hyperbolic conservation laws ",

journal = "Acta Mathematica Scientia ",

volume = "29",

number = "6",

pages = "1737 - 1748",

year = "2009",

note = "",

issn = "0252-9602",

doi = "http://dx.doi.org/10.1016/S0252-9602(10)60014-8",

url = "http://www.sciencedirect.com/science/article/pii/S0252960210600148",

author = "Zhiliang Xu and Guang Lin",

keywords = "spectral/hp element method",

keywords = "hierarchical reconstruction",

keywords = "discontinuous Galerkin",

keywords = "hyperbolic conservation laws",

keywords = "65M60 "

}


@article{sidilkover1993non,
  title={Non-oscillatory spectral element Chebyshev method for shock wave calculations},
  author={Sidilkover, David and Karniadakis, George Em},
  journal={Journal of Computational Physics},
  volume={107},
  number={1},
  pages={10--22},
  year={1993},
  publisher={Elsevier}
}

@article{cai1989essentially,
  title={Essentially nonoscillatory spectral Fourier methods for shock wave calculations},
  author={Cai, Wei and Gottlieb, David and Shu, Chi-Wang},
  journal={Mathematics of Computation},
  volume={52},
  number={186},
  pages={389--410},
  year={1989}
}

@article{Jemison2015149,
title = "Filament capturing with the Multimaterial Moment-of-Fluid method ",
journal = "Journal of Computational Physics ",
volume = "285",
pages = "149-172",
year = "2015",
note = "",
issn = "0021-9991",
doi = "http://dx.doi.org/10.1016/j.jcp.2015.01.014",
url = "http://www.sciencedirect.com/science/article/pii/S0021999115000182",
author = "Matthew Jemison and Mark Sussman and Mikhail Shashkov",
keywords = "Interface reconstruction",
keywords = "Moving boundary problem",
keywords = "Moment-of-Fluid method",
keywords = "Filament capturing "
}


@article{JemisonSussmanArienti2014,
  title={Compressible, Multiphase Semi-Implicit method with
   moment of fluid interface representation},
  author={Matthew Jemison and Mark Sussman and Marco Arienti},
  journal={Journal of Computational Physics},
  year={2014},
  volume={279},
  pages={182-217}
};

@article{JemisonSussmanArienti2014short,
  title={Compressible, Multiphase Semi-Implicit method with
   moment of fluid interface representation},
  author={M. Jemison and M. Sussman and M. Arienti},
  journal={J. Comp. Physics},
  year={2014},
  volume={279},
  pages={182-217}
};

@article{AbbassiETAL2014,
title="Shock capturing with entropy-based artificial viscosity for
staggered grid discontinuous spectral element method ",
journal="Computers and Fluids ",
volume="98",
number="",
pages="152 - 163",
year="2014",
note="12th USNCCM mini-symposium of High-Order Methods for Computational
Fluid Dynamics - A special issue dedicated to the 80th birthday of Professor
Antony Jameson ",
issn="0045-7930",
author="Hesam Abbassi and Farzad Mashayek and Gustaaf B. Jacobs",
}

@article{AbbassiETAL2014short,
title="Shock capturing with entropy-based artificial viscosity for
staggered grid discontinuous spectral element method ",
journal="Computers and Fluids ",
volume="98",
number="",
pages="152 - 163",
year="2014",
author="H. Abbassi and F. Mashayek and G. Jacobs",
}

@article {Minion2004,
AUTHOR={Minion, Michael L.},
TITLE={Semi-implicit projection methods for incompressible flow based on spectral deferred corrections},
NOTE={Workshop on Innovative Time Integrators for PDEs},
JOURNAL={Appl. Numer. Math.},
FJOURNAL={Applied Numerical Mathematics. An IMACS Journal},
VOLUME={48},
YEAR={2004},
NUMBER={3-4},
PAGES={369--387},
ISSN={0168-9274},
}

@article {Minion2004short,
AUTHOR={M. Minion},
TITLE={Semi-implicit projection methods for incompressible flow based on spectral deferred corrections},
JOURNAL={Appl. Numer. Math.},
VOLUME={48},
YEAR={2004},
NUMBER={3-4},
PAGES={369--387},
ISSN={0168-9274},
}

@article {KadiogluETAL2008,
AUTHOR={Kadioglu, Samet Y. and Klein, Rupert and Minion, Michael L.},
TITLE={A fourth-order auxiliary variable projection method for zero-{M}ach number gas dynamics},
JOURNAL={J. Comput. Phys.},
FJOURNAL={Journal of Computational Physics},
VOLUME={227},
YEAR={2008}, 
NUMBER={3},
PAGES={2012--2043},
ISSN={0021-9991},
}

@article {KadiogluETAL2008short,
AUTHOR={S. Kadioglu and R. Klein and M. Minion},
TITLE={A fourth-order auxiliary variable projection method for zero-{M}ach number gas dynamics},
JOURNAL={J. Comput. Phys.},
VOLUME={227},
YEAR={2008},
NUMBER={3},
PAGES={2012--2043},
ISSN={0021-9991},
}

@article{helsby1955behaviour,
  title={Behaviour of air bubbles in aqueous solutions},
  author={Helsby, FW and Tuson, KR},
  journal={Research},
  volume={8},
  pages={270},
  year={1955}
}

@inproceedings{AlePucSus99,
        author={I. Aleinov and E.G. Puckett and M. Sussman},
        title={Formation of Droplets in Microscale Jetting Devices},
        booktitle={proceedings of the 3rd ASME/JSME joint
                   fluids engineering conference },
        address={San Francisco, CA},
        year={1999},
        number={FEDSM99-7106} }

@article{Sus05,
   author={M. Sussman},
   title={A Parallelized, Adaptive algorithm for multiphase flows in
   general geometries},
   journal={Computers and Structures},
   volume={83},
   pages={435-444},
   year={2005} }


@ARTICLE{SusAlmBelColHowWel99,
 author={M. Sussman and A. Almgren and J. Bell and P. Colella and L. Howell and
         M. Welcome},
 title={An Adaptive Level Set Approach for Incompressible
   Two-Phase Flows},
 journal={Journal of Computational Physics},
 year={1999},
 volume={148},
 pages={81-124}
}

@article{sussman2007sharp,
  title={A sharp interface method for incompressible two-phase flows},
  author={Sussman, Mark and Smith, Kayne Marie and Hussaini, MY and Ohta, Mitsuhiro and Zhi-Wei, R},
  journal={Journal of computational physics},
  volume={221},
  number={2},
  pages={469--505},
  year={2007},
  publisher={Elsevier}
}

@article{ArientiSussman2014,
  title={An Embedded Level Set Method for Sharp-Interface Multiphase 
   Simulations of Diesel Injectors},
  author={M. Arienti and M. Sussman},
  volume={59},
  pages={1-14},
  journal={International Journal of Multiphase Flow},
  year={2014}
};

@article{OhtAkaYosSus2014,
 author={M. Ohta and Y. Akama and Y. Yoshida and M. Sussman},
 title={Influence of the viscosity ratio on drop dynamics
  and breakup for a drop rising in an immiscible low-viscosity liquid},
 journal={Journal of Fluid Mechanics },
 volume={752}, 
 pages={383-409},
 year={2014} }



@article{Jemison2013coupled,
  title={A coupled level set-moment of fluid method for 
   incompressible two-phase flows},
  author={Jemison, Matthew and Loch, Eva and Sussman, Mark and Shashkov, Mikhail and Arienti, Marco and Ohta, Mitsuhiro and Wang, Yaohong},
  journal={Journal of Scientific Computing},
  volume={54},
  number={2-3},
  pages={454-491},
  year={2013},
  publisher={Springer}
};

@article{li2014high,
  title={High fidelity simulation of the spray generated by a realistic swirling flow injector},
  author={Li, Xiaoyi and Soteriou, Marios C and Kim, Wookyung and Cohen, Jeffrey M},
  journal={Journal of Engineering for Gas Turbines and Power},
  volume={136},
  number={7},
  pages={071503},
  year={2014},
  publisher={American Society of Mechanical Engineers}
}

@article{ArientiETAL2013,
   author={M. Arienti and X. Li and M. Soteriou and
    C. Eckett and M. Sussman and B. Jensen },
   title={Coupled Level-Set/Volume-of-Fluid Method for simulation of
    injector atomization},
   year={2013},
   journal={Journal of Propulsion and Power},
   volume={29},
   pages={147-157} }


@article{Wang20126438,

title = "A hybrid level set-volume constraint method for incompressible two-phase flow ",

journal = "Journal of Computational Physics ",

volume = "231",

number = "19",

pages = "6438 - 6471",

year = "2012",

note = "",

issn = "0021-9991",

doi = "http://dx.doi.org/10.1016/j.jcp.2012.06.014",

url = "http://www.sciencedirect.com/science/article/pii/S002199911200321X",

author = "Y. Wang and S. Simakhina and M. Sussman",

keywords = "Level set method",

keywords = "Volume constraint",

keywords = "Incompressible two phase flows",

keywords = "Bubbles",

keywords = "Drops",

keywords = "Jets "

}

@article{OhtHasNaiMatSus12,
   author={M. Ohta and K. Hashimoto and K. Naito and Y. Matsuo and
     M. Sussman},
   title={Numerical Analysis of Gas-Liquid bubble flow in a horizontal
    rectangular channel},
   year={2012},
   journal={J. Chem. Eng., Japan (short communication)},
   volume={45(2)},
   pages={102-106} }

@article{OhtSus12,
   author={M. Ohta and M. Sussman},
   title={The buoyancy-driven motion of a single skirted bubble or drop
     rising through a viscous liquid},
   year={2012},
   journal={Physics of Fluids},
   volume={24},
   pages={112101} }

@article{OhtKimFurYosSus12,
 author={M. Ohta and S. Kimura and T. Furukawa and Y. Yoshida and M. Sussman},
 title={Numerical Simulations of a bubble rising through a shear-thickening
   fluid},
 journal={J. Chemical Engineering, Japan },
 volume={45(9)},
 pages={713-720},
 year={2012} }

@article{OhtKikYosSus11,
   author={M. Ohta and D. Kikuchi and Y. Yoshida and M. Sussman},
   title={Robust numerical analysis of the dynamic bubble formation
    process in a viscous liquid},
   year={2011},
   journal={International Journal of Multiphase Flow},
   volume={37(9)},
   pages={1059-1071} }

@article{Sus12,
   author={M. Sussman}, 
   title={A method for overcoming the surface tension time step constraint
    in multiphase flows, II},
   year={2012},
   journal={International Journal for Numerical Methods in Fluids},
   volume={68(11)},
   pages={1343-1361} }

@article{almgren2013use,
  title={On the use of higher-order projection methods for incompressible turbulent flow},
  author={Almgren, Ann S and Aspden, AJ and Bell, John B and Minion, ML},
  journal={SIAM Journal on Scientific Computing},
  volume={35},
  number={1},
  pages={B25--B42},
  year={2013},
  publisher={SIAM} }

% Paper with awesome looking sims of 
% turbulence developing and traveling downstream.
%Duguet, Y., Willis, A. P., & Kerswell, R. R. (2010). Slug genesis in cylindrical pipe flow. Journal of Fluid Mechanics, 663, 180-208.
@article{DuguetPipe10,
  title={Slug genesis in cylindrical pipe flow},
  author={Duguet, Yohann and Willis, AP and Kerswell, RR},
  journal={Journal of Fluid Mechanics},
  volume={663},
  pages={180--208},
  year={2010},
  publisher={Cambridge Univ Press}
}

%Duguet, Y., Schlatter, P., & Henningson, D. S. (2010). 
%Formation of turbulent patterns near the onset of 
%transition in plane Couette flow. Journal of Fluid Mechanics, 650, 119-129.
@article{DuguetPlane10,
  title={Formation of turbulent patterns near the onset of transition in plane Couette flow},
  author={Duguet, Yohann and Schlatter, Philipp and Henningson, Dan S},
  journal={Journal of Fluid Mechanics},
  volume={650},
  pages={119--129},
  year={2010},
  publisher={Cambridge Univ Press}
}


@article{touil2007tracking,
  title={Tracking discontinuities in hyperbolic conservation laws with spectral accuracy},
  author={Touil, Hatem and Hussaini, M Yousuff and Sussman, Mark},
  journal={Journal of Computational Physics},
  volume={225},
  number={2},
  pages={1810-1826},
  year={2007},
  publisher={Academic Press}
}
@inproceedings{DomSusBecSheWya04,
    author={D.G. Dommermuth and M. Sussman and R. Beck and
      T.T. O'Shea and D. Wyatt},
    title={The numerical simulation of ship waves using Cartesian grid
     methods with adaptive mesh refinement},
    booktitle={proceedings of the Twenty Fifth Symposium on Naval Hydro.},
    address={St. Johns, New Foundland and Labrador, Canada},
    year={2004} }

@article{SusHus03,
   author={M. Sussman and M.Y. Hussaini},
   title={A Discontinuous Spectral Element method for the level set
     equation},
   journal={J. Scientific Computing},
   volume={19},
   pages={479-500},
   year={2003} }

@inproceedings{MihUnlMetSusHus06,
   author={V. Mihalef and B. Unlusu and D. Metaxas and M. Sussman
    and M.Y. Hussaini},
   title={Physics-based boiling simulation},
   booktitle={Proceedings of the 2006 ACM SIGGRAPH/Eurographics symposium
     on Computer animation.
     Eurographics Association: Vienna, Austria.},
   year={2006} }


@article{luo2006lobatto,
  title={A Lobatto interpolation grid in the tetrahedron},
  author={Luo, H and Pozrikidis, C},
  journal={IMA journal of applied mathematics},
  volume={71},
  number={2},
  pages={298--313},
  year={2006},
  publisher={IMA}
}

@article{le2010asynchronous,
  title={Asynchronous time integration for polynomial chaos expansion of uncertain periodic dynamics},
  author={Le Ma{\i}tre, OP and Mathelin, L and Knio, OM and Hussaini, MY},
  journal={DCDS},
  volume={28},
  pages={199--226},
  year={2010}
}

@article{liu2014uncertainty,
  title={Global Sensitivity Analysis for the Rothermel Model based on High Dimensional Model Representation},
  author={Liu, Yaning and  Hussaini, M Yousuff and Okten, Giray},
  booktitle={Proceedings of the 4th Fire Behavior and Fuels Conference, 18 - 21 February 2013, Raleigh, North Carolina, Dale Wade and Rebekah Fox (editors) (International Association of Wildland Fire: Missoula, MT)},
  year={2013}
}

@article{jimenez2007uncertainty,
  title={Uncertainty Quantification of Rothermel Model Using a 
   Sensitivity Derivative Enhanced Sampling Method},
  author={Jimenez, E and  Goodrick, S and Hussaini, M Y},
  booktitle={Proceedings of the 2nd Fire Behavior and Fuels 
   Conference: The Fire Environment - 
   Innovations, Management, and Policy, 2007, Destin, Florida, March 26-30},
  year={2007}
}

@article{jimenez2010systematic,
  title={A systematic study of efficient sampling methods to quantify uncertainty in crack propagation and the Burgers equation},
  author={Jimenez, Edwin and Lay, Nathan and Hussaini, M Yousuff},
  journal={Monte Carlo Methods and Applications},
  volume={16},
  number={1},
  pages={69--93},
  year={2010}
}

@article{croicu2012robust,
  title={Robust Airfoil Optimization Using Maximum Expected Value and Expected Maximum Value Approaches},
  author={Croicu, Ana-Maria and Hussaini, M Yousuff and Jameson, Antony and Klopfer, Goetz},
  journal={AIAA journal},
  volume={50},
  number={9},
  pages={1905--1919},
  year={2012}
}

@article{mathelin2011stochastic,
  title={Stochastic data assimilation with a Polynomial Chaos parametric estimation},
  author={Mathelin, L and Desceliers, C and Hussaini, MY},
  journal={Comp. Mech},
  volume={47},
  number={6},
  pages={603--616},
  year={2011}
}

@article{Stanescu2003319,
title = "Aircraft engine noise scattering by fuselage and wings: a computational approach ",

journal = "Journal of Sound and Vibration ",

volume = "263",

number = "2",

pages = "319 - 333",

year = "2003",

note = "",

issn = "0022-460X",

doi = "http://dx.doi.org/10.1016/S0022-460X(02)01126-4",

url = "http://www.sciencedirect.com/science/article/pii/S0022460X02011264",

author = "D. Stanescu and M.Y. Hussaini and F. Farassat"

}

@book{CHQ2007,
   title = "Spectral methods : evolution to complex geometries and applications to fluid dynamics",
   author = "C. Canuto and M.Y Hussaini and T.A. Zang and A. Quarteroni",
   series = "Scientific computation",
   publisher = "Springer",
   address = "Berlin",
   url = "http://opac.inria.fr/record=b1127560",
   isbn = "978-3-540-30727-3",
   year = 2007
}

@article{rasetarinera2001discontinuous,
  title={Discontinuous spectral element solution of acoustic radiation from thin airfoils},
  author={Rasetarinera, Patrick and Kopriva, David A and Hussaini, MY},
  journal={AIAA journal},
  volume={39},
  number={11},
  pages={2070--2075},
  year={2001}
}

@article {NME:NME394,
author = {Kopriva, David A. and Woodruff, Stephen L. and Hussaini, M. Y.},
title = {Computation of electromagnetic scattering with a non-conforming discontinuous spectral element method},
journal = {International Journal for Numerical Methods in Engineering},
volume = {53},
number = {1},
publisher = {John Wiley & Sons, Ltd.},
issn = {1097-0207},
url = {http://dx.doi.org/10.1002/nme.394},
doi = {10.1002/nme.394},
pages = {105--122},
keywords = {discontinuous Galerkin, spectral methods, Maxwell's equations},
year = {2002},
}

@article{hu1999analysis,
  title={An analysis of the discontinuous Galerkin method for wave propagation problems},
  author={Hu, Fang Q and Hussaini, MY and Rasetarinera, Patrick},
  journal={Journal of Computational Physics},
  volume={151},
  number={2},
  pages={921--946},
  year={1999},
  publisher={Elsevier}
}



@article {AB2012,
    AUTHOR = {Adjerid, Slimane and Baccouch, Mahboub},
     TITLE = {A superconvergent local discontinuous {G}alerkin method for
              elliptic problems},
   JOURNAL = {J. Sci. Comput.},
  FJOURNAL = {Journal of Scientific Computing},
    VOLUME = {52},
      YEAR = {2012},
    NUMBER = {1},
     PAGES = {113--152},
      ISSN = {0885-7474},
     CODEN = {JSCOEB},
   MRCLASS = {65N30 (65N12)},
  MRNUMBER = {2923521},
MRREVIEWER = {Xiao Liang Cheng},
       DOI = {10.1007/s10915-011-9537-8},
       URL = {http://dx.doi.org/10.1007/s10915-011-9537-8},
}

@article {CKP2001,
    AUTHOR = {Cockburn, Bernardo and Kanschat, Guido and Perugia, Ilaria and
              Sch{\"o}tzau, Dominik},
     TITLE = {Superconvergence of the local discontinuous {G}alerkin method
              for elliptic problems on {C}artesian grids},
   JOURNAL = {SIAM J. Numer. Anal.},
  FJOURNAL = {SIAM Journal on Numerical Analysis},
    VOLUME = {39},
      YEAR = {2001},
    NUMBER = {1},
     PAGES = {264--285 (electronic)},
      ISSN = {0036-1429},
   MRCLASS = {65N30 (65N12)},
  MRNUMBER = {1860725 (2002g:65140)},
       DOI = {10.1137/S0036142900371544},
       URL = {http://dx.doi.org/10.1137/S0036142900371544},
}



@article {KK2005,
    AUTHOR = {Kirby, Robert M. and Karniadakis, George Em},
     TITLE = {Selecting the numerical flux in discontinuous {G}alerkin
              methods for diffusion problems},
   JOURNAL = {J. Sci. Comput.},
  FJOURNAL = {Journal of Scientific Computing},
    VOLUME = {22/23},
      YEAR = {2005},
     PAGES = {385--411},
      ISSN = {0885-7474},
     CODEN = {JSCOEB},
   MRCLASS = {65M60 (76M10)},
  MRNUMBER = {2142203 (2006f:65098)},
MRREVIEWER = {Alessandro Veneziani},
       DOI = {10.1007/s10915-004-4145-5},
       URL = {http://dx.doi.org/10.1007/s10915-004-4145-5},
}
		



@ARTICLE{BarriosETAL2013,
   author = {{Barrios}, T.~P. and {Bustinza}, R. and {Dominguez}, V.},
    title = "{On the discontinuous Galerkin method for solving boundary value problems for the Helmholtz equation: A priori and a posteriori error analyses}",
  journal = {ArXiv e-prints},
archivePrefix = "arXiv",
   eprint = {1310.2847},
 primaryClass = "math.NA",
 keywords = {Mathematics - Numerical Analysis, 65N30, 65N12, 65N15},
     year = 2013,
    month = oct,
   adsurl = {http://adsabs.harvard.edu/abs/2013arXiv1310.2847B},
  adsnote = {Provided by the SAO/NASA Astrophysics Data System}
}
@article{MihKadSusMetHur07,
 author={V. Mihalef and S. Kadioglu and M. Sussman and D. Metaxas and
   V. Hurmusiadis},
 title={Interaction of Multiphase Flow with Animated Models},
 journal={Graphical Models},
 volume={70},
 pages={33-42},
 year={2008} }

@article {SussmanHussaini2003,
year={2003},
issn={0885-7474},
journal={Journal of Scientific Computing},
volume={19},
number={1-3},
doi={10.1023/A:1025328714359},
title={A Discontinuous Spectral Element Method for the Level Set Equation},
url={http://dx.doi.org/10.1023/A%3A1025328714359},
publisher={Kluwer Academic Publishers-Plenum Publishers},
keywords={level set; discontinuous Galerkin spectral method; reinitialization},
author={Sussman, Mark and Hussaini, M.Y.},
pages={479-500},
language={English}
}


@article {MullerKummerOberlack2013,
author = {Muller, B. and Kummer, F. and Oberlack, M.},
title = {Highly accurate surface and volume integration on implicit domains by means of moment-fitting},
journal = {International Journal for Numerical Methods in Engineering},
volume = {96},
number = {8},
issn = {1097-0207},
url = {http://dx.doi.org/10.1002/nme.4569},
doi = {10.1002/nme.4569},
pages = {512--528},
keywords = {quadrature, numerical integration, level set, extended finite element method, discontinuous Galerkin method, finite cell method},
year = {2013},
}


@article{Bodard2008968,

title = "Solution of moving-boundary problems by the spectral element method ",

journal = "Applied Numerical Mathematics ",

volume = "58",

number = "7",

pages = "968 - 984",

year = "2008",

issn = "0168-9274",

doi = "http://dx.doi.org/10.1016/j.apnum.2007.04.009",

url = "http://www.sciencedirect.com/science/article/pii/S0168927407000839",

author = "Nicolas Bodard and Roland Bouffanais and Michel O. Deville",

keywords = "Spectral element method",

keywords = "Moving-boundary problem",

keywords = "Moving-grid "

}




@article{Cheng20081042,

title = "A high order accurate conservative remapping method on staggered meshes ",

journal = "Applied Numerical Mathematics ",

volume = "58",

number = "7",

pages = "1042 - 1060",

year = "2008",

issn = "0168-9274",

doi = "http://dx.doi.org/10.1016/j.apnum.2007.04.015",

url = "http://www.sciencedirect.com/science/article/pii/S0168927407000888",

author = "Juan Cheng and Chi-Wang Shu",

keywords = "Remapping",

keywords = "High order accuracy",

keywords = "Conservation",

keywords = "Staggered mesh",

keywords = "\{ENO\} reconstruction "

}




@article{Minoli20111876,

title = "Discontinuous Galerkin spectral element approximations on moving meshes ",

journal = "Journal of Computational Physics ",

volume = "230",

number = "5",

pages = "1876 - 1902",

year = "2011",

note = "",

issn = "0021-9991",

doi = "http://dx.doi.org/10.1016/j.jcp.2010.11.038",

url = "http://www.sciencedirect.com/science/article/pii/S0021999110006534",

author = "Cesar A. Acosta Minoli and David A. Kopriva",

keywords = "Discontinuous Galerkin Spectral Element Method",

keywords = "\{DGSEM\}",

keywords = "Moving mesh",

keywords = "Arbitrary Lagrangian–Eulerian",

keywords = "\{ALE\}",

keywords = "Discrete Geometric Conservation Law (DGCL) "

}


@article{Robertson199926,

title = "Free-Surface Flow Simulation Using hp/Spectral Elements ",

journal = "Journal of Computational Physics ",

volume = "155",

number = "1",

pages = "26 - 53",

year = "1999",

note = "",

issn = "0021-9991",

doi = "http://dx.doi.org/10.1006/jcph.1999.6328",

url = "http://www.sciencedirect.com/science/article/pii/S0021999199963283",

author = "Iain Robertson and Spencer Sherwin"

}



@article{Lomtev1999128,

title = "A Discontinuous Galerkin \{ALE\} Method for Compressible Viscous Flows in Moving Domains ",

journal = "Journal of Computational Physics ",

volume = "155",

number = "1",

pages = "128 - 159",

year = "1999",

note = "",

issn = "0021-9991",

doi = "http://dx.doi.org/10.1006/jcph.1999.6331",

url = "http://www.sciencedirect.com/science/article/pii/S0021999199963313",

author = "I Lomtev and R.M Kirby and G.E Karniadakis"

}


@article{rayleigh1879instability,
  title={On the instability of jets},
  author={Rayleigh, Lord},
  journal={Proceedings of the London Mathematical Society},
  pages={4--13},
  year={1878}
};

@article{StewartLaySussmanOhta2008,
year={2008},
issn={0885-7474},
journal={Journal of Scientific Computing},
volume={35},
number={1},
doi={10.1007/s10915-007-9173-5},
title={An Improved Sharp Interface Method for Viscoelastic and Viscous Two-Phase Flows},
url={http://dx.doi.org/10.1007/s10915-007-9173-5},
publisher={Springer US},
keywords={Level-set method; Volume-of-fluid method; Two-phase flow; Bubbles; Drops},
author={Stewart, P.A. and Lay, N. and Sussman, M. and Ohta, M.},
pages={43-61},
language={English}
}


@article{KeimGarciaArratia2012,
   author = "Keim, Nathan C. and Garcia, Mike and Arratia, Paulo E.",
   title = "Fluid elasticity can enable propulsion at low Reynolds number",
   journal = "Physics of Fluids",
   year = "2012",
   volume = "24",
   number = "8", 
   eid = 081703,
   pages = "-",
   url = "http://scitation.aip.org/content/aip/journal/pof2/24/8/10.1063/1.4746792",
   doi = "http://dx.doi.org/10.1063/1.4746792" 
}



@article {RonquistPatera1987,
author = {Ronquist, Einar M. and Patera, Anthony T.},
title = {A Legendre spectral element method for the Stefan problem},
journal = {International Journal for Numerical Methods in Engineering},
volume = {24},
number = {12},
publisher = {John Wiley & Sons, Ltd},
issn = {1097-0207},
url = {http://dx.doi.org/10.1002/nme.1620241204},
doi = {10.1002/nme.1620241204},
pages = {2273--2299},
year = {1987},
}

@article{marchandise2006stabilized,
  title={A stabilized finite element method using a discontinuous level set approach for solving two phase incompressible flows},
  author={Marchandise, Emilie and Remacle, Jean-Fran{\c{c}}ois},
  journal={Journal of Computational Physics},
  volume={219},
  number={2},
  pages={780--800},
  year={2006},
  publisher={Elsevier}
}

@article{marchandise2007stabilized,
  title={A stabilized finite element method using a discontinuous level set approach for the computation of bubble dynamics},
  author={Marchandise, Emilie and Geuzaine, Philippe and Chevaugeon, Nicolas and Remacle, Jean-Fran{\c{c}}ois},
  journal={Journal of Computational Physics},
  volume={225},
  number={1},
  pages={949--974},
  year={2007},
  publisher={Elsevier}
}

@article{compere2008transient,
  title={Transient adaptivity applied to two-phase incompressible flows},
  author={Compere, Ga{\"e}tan and Marchandise, Emilie and Remacle, Jean-Fran{\c{c}}ois},
  journal={Journal of computational physics},
  volume={227},
  number={3},
  pages={1923--1942},
  year={2008},
  publisher={Elsevier}
}

@article{grooss2006level,
  title={A level set discontinuous Galerkin method for free surface flows},
  author={Grooss, Jesper and Hesthaven, Jan S},
  journal={Computer methods in applied mechanics and engineering},
  volume={195},
  number={25},
  pages={3406--3429},
  year={2006},
  publisher={Elsevier}
}


@article{Pochet2013144,

title = "A 3D strongly coupled implicit discontinuous Galerkin level set-based method for modeling two-phase flows ",

journal = "Computers and Fluids ",

volume = "87",

number = "0",

pages = "144 - 155",

year = "2013",

issn = "0045-7930",

doi = "http://dx.doi.org/10.1016/j.compfluid.2013.04.010",

url = "http://www.sciencedirect.com/science/article/pii/S0045793013001503",

author = "Francois Pochet and Koen Hillewaert and Philippe Geuzaine and Jean-Francois Remacle and Emilie Marchandise"

}



@article{LeeWing1990355,

title = "A Legendre spectral element method for simulation of unsteady incompressible viscous free-surface flows ",

journal = "Computer Methods in Applied Mechanics and Engineering ",

volume = "80",

number = "1–3",

pages = "355 - 366",

year = "1990",

note = "",

issn = "0045-7825",

doi = "http://dx.doi.org/10.1016/0045-7825(90)90040-S",

url = "http://www.sciencedirect.com/science/article/pii/004578259090040S",

author = "Ho Lee-Wing and Anthony T. Patera"

}


@article{KrishnaKishor20102605,

title = "A Legendre spectral element model for sloshing and acoustic analysis in nearly incompressible fluids ",

journal = "Journal of Computational Physics ",

volume = "229",

number = "7",

pages = "2605 - 2624",

year = "2010",

note = "",

issn = "0021-9991",

doi = "http://dx.doi.org/10.1016/j.jcp.2009.12.008",

url = "http://www.sciencedirect.com/science/article/pii/S0021999109006792",

author = "D. Krishna Kishor and S. Gopalakrishnan and Ranjan Ganguli",

keywords = "Legendre polynomials",

keywords = "Acoustic fluids",

keywords = "Sloshing motion",

keywords = "Incompressible locking",

keywords = "Numerical integration",

keywords = "Linear elements "

}


@article{OhtImuYosSus05,
 author={M. Ohta and T. Imura and Y. Yoshida and M. Sussman},
 title={A computational study of the effect of initial bubble
  conditions on the motion of a gas bubble rising in viscous liquids},
 journal={International Journal of Multiphase Flow},
 year={2005},
 volume={31(2)},
 pages={223-237} }

@article{OhtHarYosSus05,
   author={M. Ohta and S. Haranaka and Y. Yoshida and M. Sussman},
   title={Three-Dimensional Numerical Simulations of the
     Effect of Initial Bubble Conditions on the
     Motion of a Bubble Rising in Viscous Liquids},
   year={2005},
   volume={38(11)},
   pages={878-882},
   journal={J. Chem. Eng., Japan }  }

@article{OhtHarYosSus03,
   author={M. Ohta and S. Haranaka and Y. Yoshida and M. Sussman},
   title={Three dimensional simulation of the motion of a gas
          bubble rising in viscous liquid},
   year={2003},
   journal={J. Chem. Eng., Japan (special issue)},
   volume={37(8)},
   pages={968-975} }

@inproceedings{MihMetSus07,
   author={V. Mihalef and D. Metaxas and M. Sussman},
   title={Textured liquids based on the Marker Level Set},
   booktitle={Proceedings of the 2007 Eurographics symposium.
     Eurographics Association: Prague, Czech Republic.},
   year={2007} }

@inproceedings{MihMetSus04,
   author={V. Mihalef and D. Metaxas and M. Sussman},
   title={Animation and control of breaking waves},
   booktitle={Proceedings of the 2004 ACM SIGGRAPH/Eurographics symposium
    on Computer Animation.  Eurographics Association: Grenoble, France.},
   year={2004} }

@inproceedings{MihMetSusAxe09,
   author={V. Mihalef and D. Metaxas and M. Sussman and L. Axel},
   title={Atrioventricular blood flow simulation based on patient-specific
    data},
   booktitle={N. Ayache, H. Delingette, and M. Sermesant (Ed.), Proceedings
    of the 2009 Fifth international conference on functional imaging and
    modeling of the heart, lecture notes in computer science proceedings,
    Nice, France: Springer},
   year={2009} }

@article{OhtYosSus06,
   author={M. Ohta and Y. Yoshida and M. Sussman},
   title={Three-dimensional computations of the motion of a
    Newtonian drop rising through immiscible
    quiescent shear-thinning liquids.},
   year={2006},
   journal={J. Chem. Eng., Japan},
   volume={39(4)},
   pages={394-400} }

@article{SusOht07,
   author={M. Sussman and M. Ohta},
   title={Improvements for calculating two-phase bubble and drop motion
     using an adaptive sharp interface method},
   journal={Fluid Dynamics and Materials Processing},
   volume={3(1)},
   pages={21-36},
   year={2007} }

@incollection{sussman2006high,
  title={High-order techniques for calculating surface tension forces},
  author={Sussman, M and Ohta, M},
  booktitle={Free Boundary Problems, from International Series of Numerical
   Mathematics, volume 154},
  pages={425--434},
  year={2006},
  publisher={Birkhauser Verlag Basel/Switzerland}
}

@article{JimSusOht05,
  author={E. Jimenez and M. Sussman and M. Ohta},
  title={A Computational Study of Bubble Motion in Newtonian and
    Viscoelastic Fluids},
  year={2005}, 
  journal={Fluid Dynamics and Materials Processing},
  volume={1(2)},
  pages={97-108} }

@ARTICLE{VanChrSusBoy07,
 author={A. VanderWyst and A. Christlieb and M. Sussman and I.D. Boyd},
 title={Simulation of Liquid Metal Droplets from Field Emission},
 journal={Communications in Computational Physics},
 volume={2(4)},
 pages={640-661},
 year={2007}
}

@ARTICLE{TouHusSus07,
 author={H. Touil and M.Y. Hussaini and M. Sussman},
 title={Tracking discontinuities in hyperbolic conservation
  laws with spectral accuracy},
 journal={J. Comp. Phys.},
 volume={225(2)},
 pages={1810-1826},
 year={2007}
}

@article{OhtYosSus10,
 author={M. Ohta and Y. Yoshida and M. Sussman},
 title={A computational study of dynamic processes of a
  bubble rising in Carreau model fluids},
 journal={Fluid Dynamics Research},
 volume={42(2)},
 pages={025501},
 year={2010} }

@article{OhtAkaYosSus09,
 author={M. Ohta and Y. Akama and Y. Yoshida and M. Sussman},
 title={Three-dimensional simulation of the evolution
  process to vortex rings of falling drops in an
  immiscible viscous liquid. },
 journal={J. Chemical Engineering, Japan },
 volume={42(9)},
 pages={648-655},
 year={2009} }

@article{OhtOnoYosSus09,
 author={M. Ohta and K. Onodera and Y. Yoshida and M. Sussman},
 title={Three-dimensional simulations of the dynamic motion of
  single drops rising in viscoelastic FENE-CR model fluids.},
 journal={J. Chemical Engineering, Japan },
 volume={42(10)},
 pages={705-712},
 year={2009} }

@article{OhtYamYosSus10,
   author={M. Ohta and S. Yamaguchi and Y. Yoshida and M. Sussman},
   title={The sensitivity of drop motion due to the
     density and viscosity ratio.},
   year={2010},
   journal={Physics of Fluids},
   volume={22(7)},
   pages={072102} }

@article{OhtKikYosSus07,
   author={M. Ohta and D. Kikuchi and Y. Yoshida and M. Sussman},
   title={Direct Numerical Simulation of the Slow Formation
    Process of Single Bubbles in a Viscous Liquid},
   year={2007},
   journal={J. Chem. Eng., Japan},
   volume={40},
   pages={939-943} }

@article{OhtTsuYosSus08,
   author={M. Ohta and M. Tsuji and Y. Yoshida and M. Sussman},
   title={The Transient Dynamics of a Small Bubble
     Rising in a Low Morton Number Regime},
   year={2008},
   journal={Chem. Eng. Technol.},
   volume={31(9)},
   pages={1-9} }

@article{KadSus08,
  author={S. Kadioglu and M. Sussman},
  title={Adaptive Solution Techniques for Simulating
   Underwater Explosions and Implosions},
  journal={Journal of Computational Physics},
  volume={227},
  pages={2083-2104},
  year={2008} }

@article{LeVequeLi1994,
author = {LeVeque, R. and Li, Z.},
title = {The Immersed Interface Method for Elliptic Equations with Discontinuous Coefficients and Singular Sources},
journal = {SIAM Journal on Numerical Analysis},
volume = {31},
number = {4},
pages = {1019-1044},
year = {1994},
doi = {10.1137/0731054},

URL = {http://epubs.siam.org/doi/abs/10.1137/0731054},
eprint = {http://epubs.siam.org/doi/pdf/10.1137/0731054}
}


@article{Assencio201377,
title = "A second order virtual node algorithm for Stokes flow problems with interfacial forces, discontinuous material properties and irregular domains ",
journal = "Journal of Computational Physics ",
volume = "250",
number = "0",
pages = "77 - 105",
year = "2013",
note = "",
issn = "0021-9991",
doi = "http://dx.doi.org/10.1016/j.jcp.2013.04.041",
url = "http://www.sciencedirect.com/science/article/pii/S0021999113003355",
author = "Diego C. Assencio and Joseph M. Teran"
}



@article{Miller2013683,
title = "A Neumann–Neumann preconditioned iterative substructuring approach for computing solutions to Poisson’s equation with prescribed jumps on an embedded boundary ",
journal = "Journal of Computational Physics ",
volume = "235",
number = "0",
pages = "683 - 700",
year = "2013",
note = "",
issn = "0021-9991",
doi = "http://dx.doi.org/10.1016/j.jcp.2012.10.023",
url = "http://www.sciencedirect.com/science/article/pii/S0021999112006249",
author = "Gregory H. Miller and Elbridge Gerry Puckett",
keywords = "Poisson problem",
keywords = "Heat equation",
keywords = "Jump conditions",
keywords = "Irregular domain",
keywords = "Finite volume method",
keywords = "Embedded boundary method",
keywords = "Multifluid problems",
keywords = "Surface tension",
keywords = "Domain decomposition",
keywords = "Iterative substructuring "
}


@article{Kaporin2012,
year={2012},
issn={0965-5425},
journal={Computational Mathematics and Mathematical Physics},
volume={52},
number={2},
doi={10.1134/S0965542512020091},
title={Using Chebyshev polynomials and approximate inverse triangular factorizations for preconditioning the conjugate gradient method},
url={http://dx.doi.org/10.1134/S0965542512020091},
publisher={SP MAIK Nauka/Interperiodica},
keywords={symmetric positive definite matrix; sparse matrix; approximate inverse triangular factorization; polynomial preconditioning; Chebyshev polynomials; preconditioned conjugate gradient method},
author={Kaporin, I.E.},
pages={169-193},
language={English}
}

@article{Saad1985,
author = {Saad, Y.},
title = {Practical Use of Polynomial Preconditionings for the Conjugate Gradient Method},
journal = {SIAM Journal on Scientific and Statistical Computing},
volume = {6},
number = {4},
pages = {865-881},
year = {1985},
doi = {10.1137/0906059},

URL = {http://epubs.siam.org/doi/abs/10.1137/0906059},
eprint = {http://epubs.siam.org/doi/pdf/10.1137/0906059}
}



@article{GrossReuskin2007,

title = "An extended pressure finite element space for two-phase incompressible flows with surface tension ",

journal = "Journal of Computational Physics ",

volume = "224",

number = "1",

pages = "40 - 58",

year = "2007",

issn = "0021-9991",

doi = "http://dx.doi.org/10.1016/j.jcp.2006.12.021",

url = "http://www.sciencedirect.com/science/article/pii/S0021999106006097",

author = "Sven Gross and Arnold Reusken",

keywords = "Pressure finite element space",

keywords = "Two-phase flow",

keywords = "Surface tension",

keywords = "Spurious velocities "

}


@article{KummerOberlack2013,
author = {Kummer, F. and Oberlack, M.},
title = {An Extension of the Discontinuous Galerkin Method for the Singular Poisson Equation},
journal = {SIAM Journal on Scientific Computing},
volume = {35},
number = {2},
pages = {A603-A622},
year = {2013},
doi = {10.1137/120878586},

URL = {http://epubs.siam.org/doi/abs/10.1137/120878586},
eprint = {http://epubs.siam.org/doi/pdf/10.1137/120878586}
}

@article{taylor1963ripples,
  title={Generation of ripples by wind blowing over viscous fluid},
  author={Taylor, GI},
  journal={The Scientific Papers of GI Taylor},
  pages={244--254},
  year={1963}
};


@article{sallam1999drop,
  title={Drop formation at the surface of plane turbulent liquid jets in still gases},
  author={Sallam, KA and Dai, Z and Faeth, GM},
  journal={International journal of multiphase flow},
  volume={25},
  number={6},
  pages={1161--1180},
  year={1999},
  publisher={Elsevier}
};

@article{HussainiETAL85,
  title={Spectral methods for the Euler equations. II - 
   Chebyshev methods and shock fitting},
  author={M.Y. Hussaini and D.A. Kopriva and M.D. Salas and T.A. Zang},
  journal={AIAA journal},
  volume={23},
  number={2},
  pages={234-240},
  year={1985}
};

@article{sallam2004breakup,
  title={Breakup of round nonturbulent liquid jets in gaseous crossflow},
  author={Sallam, KA and Aalburg, C and Faeth, GM},
  journal={AIAA journal},
  volume={42},
  number={12},
  pages={2529--2540},
  year={2004}
};
@article{palacios2010experimental,
  title={Experimental study on the splash/deposition limit in drop impact onto solid surfaces},
  author={Palacios, J and G{\'o}mez, P and Zanzi, C and L{\'o}pez, J and Hern{\'a}ndez, J},
  journal={Proceedings of 23rd ILASS-2010, Brno, Czech Republic},
  year={2010}
};
@article{brackbill1992continuum,
  title={A continuum method for modeling surface tension},
  author={Brackbill, JU and Kothe, Douglas B and Zemach, C1},
  journal={Journal of computational physics},
  volume={100},
  number={2},
  pages={335--354},
  year={1992},
  publisher={Elsevier}
};
@article{desjardins2008accurate,
  title={An accurate conservative level set/ghost fluid method for simulating turbulent atomization},
  author={Desjardins, Olivier and Moureau, Vincent and Pitsch, Heinz},
  journal={Journal of Computational Physics},
  volume={227},
  number={18},
  pages={8395--8416},
  year={2008},
  publisher={Elsevier}
};
@inproceedings{li2010towards,
  title={Towards an Efficient, High-Fidelity Methodology for Liquid Jet Atomization Computations},
  author={Li, Xiaoyi and Arienti, Marco and Soteriou, Marios C and Sussman, M},
  booktitle={AIAA Aerospace Sciences Meeting},
  year={2010}
};
@article{hirt1981volume,
  title={Volume of fluid (VOF) method for the dynamics of free boundaries},
  author={Hirt, Cyril W and Nichols, Billy D},
  journal={Journal of computational physics},
  volume={39},
  number={1},
  pages={201--225},
  year={1981},
  publisher={Elsevier}
};
@article{pilliod2004second,
  title={Second-order accurate volume-of-fluid algorithms for tracking material interfaces},
  author={Pilliod Jr, James Edward and Puckett, Elbridge Gerry},
  journal={Journal of Computational Physics},
  volume={199},
  number={2},
  pages={465--502},
  year={2004},
  publisher={Elsevier}
};

@article{Pasquetti2004349,

title = "Spectral element methods on triangles and quadrilaterals: comparisons and applications ",

journal = "Journal of Computational Physics ",

volume = "198",

number = "1",

pages = "349 - 362",

year = "2004",

note = "",

issn = "0021-9991",

doi = "http://dx.doi.org/10.1016/j.jcp.2004.01.010",

url = "http://www.sciencedirect.com/science/article/pii/S0021999104000324",

author = "Richard Pasquetti and Francesca Rapetti",

keywords = "Spectral elements",

keywords = "Triangular and quadrangular mesh elements",

keywords = "Fekete points",

keywords = "Gauss–Lobatto points "

}

@article{PasquettiRapetti2010,
year={2010},
issn={1017-1398},
journal={Numerical Algorithms},
volume={55},
number={2-3},
doi={10.1007/s11075-010-9390-0},
title={Spectral element methods on unstructured meshes: which interpolation points?},
url={http://dx.doi.org/10.1007/s11075-010-9390-0},
publisher={Springer US},
keywords={Spectral elements; Simplicial meshes; Lebesgue constant; High-order interpolation; 65M60; 65M70; 41A05},
author={Pasquetti, Richard and Rapetti, Francesca},
pages={349-366},
language={English}
}

@article{osher1988fronts,
  title={Fronts propagating with curvature-dependent speed: algorithms based on Hamilton-Jacobi formulations},
  author={Osher, Stanley and Sethian, James A},
  journal={Journal of computational physics},
  volume={79},
  number={1},
  pages={12--49},
  year={1988},
  publisher={Elsevier}
};
@book{sussman1994level,
  title={A level set approach for computing solutions to incompressible two-phase flow},
  author={Sussman, Mark and Smereka, Peter and Osher, Stanley},
  year={1994},
  publisher={Department of Mathematics, University of California, Los Angeles}
};
@article{sussman1998improved,
  title={An improved level set method for incompressible two-phase flows},
  author={Sussman, Mark and Fatemi, Emad and Smereka, Peter and Osher, Stanley},
  journal={Computers \& Fluids},
  volume={27},
  number={5},
  pages={663--680},
  year={1998},
  publisher={Elsevier}
};
@article{sussman1999adaptive,
  title={An adaptive level set approach for incompressible two-phase flows},
  author={Sussman, Mark and Almgren, Ann S and Bell, John B and Colella, Phillip and Howell, Louis H and Welcome, Michael L},
  journal={Journal of Computational Physics},
  volume={148},
  number={1},
  pages={81--124},
  year={1999},
  publisher={Elsevier}
};

@article{LIU,
  title={A boundary condition capturing method for Poisson's equation on irregular domains},
  author={Liu, Xu-Dong and Fedkiw, Ronald P and Kang, Myungjoo},
  journal={Journal of computational Physics},
  volume={160},
  number={1},
  pages={151--178},
  year={2000},
  publisher={Elsevier}
}

@article{osher2001level,
  title={Level set methods: an overview and some recent results},
  author={Osher, Stanley and Fedkiw, Ronald P},
  journal={Journal of Computational physics},
  volume={169},
  number={2},
  pages={463--502},
  year={2001},
  publisher={Elsevier}
};

@article{GretarssonKwatraFedkiw11,
   author={Gretarsson, J. T. and Kwatra, N. and Fedkiw, R.},
   title={Numerically stable fluid-structure 
   interactions between compressible flow and solid structures},
   pages = {3062-3084},
    journal = jcp,
    volume = {230},
    year = {2011}
   }

@techreport{DuffyETAL2011,
   author={A. Duffy and A. Kuhnle and M. Sussman},
   title={An improved variable density pressure projection solver for
    adaptive meshes},
   institution={Florida State University},
   year={2011},
   type={preprint}
}

@article{cummins2005estimating,
  title={Estimating curvature from volume fractions},
  author={Cummins, Sharen J and Francois, Marianne M and Kothe, Douglas B},
  journal={Computers \& structures},
  volume={83},
  number={6},
  pages={425--434},
  year={2005},
  publisher={Elsevier}
}

@article{francois2006balanced,
  title={A balanced-force algorithm for continuous and sharp interfacial surface tension models within a volume tracking framework},
  author={Francois, Marianne M and Cummins, Sharen J and Dendy, Edward D and Kothe, Douglas B and Sicilian, James M and Williams, Matthew W},
  journal={Journal of Computational Physics},
  volume={213},
  number={1},
  pages={141--173},
  year={2006},
  publisher={Elsevier}
}

@article{scriven1959dynamics,
  title={On the dynamics of phase growth},
  author={Scriven, LE},
  journal={Chemical engineering science},
  volume={10},
  number={1-2},
  pages={1--13},
  year={1959},
  publisher={Elsevier}
}

@article{mu2017nucleate,
  title={Nucleate boiling performance evaluation of cavities at mesoscale level},
  author={Mu, Yu-Tong and Chen, Li and He, Ya-Ling and Kang, Qin-Jun and Tao, Wen-Quan},
  journal={International Journal of Heat and Mass Transfer},
  volume={106},
  pages={708--719},
  year={2017},
  publisher={Elsevier}
}

@article{perez2018discretization,
  title={Discretization and implementation of a sharp interface model for interfacial heat and mass transfer during bubble growth},
  author={Perez-Raya, Isaac and Kandlikar, Satish G},
  journal={International Journal of Heat and Mass Transfer},
  volume={116},
  pages={30--49},
  year={2018},
  publisher={Elsevier}
}

@article{enright2002hybrid,
  title={A hybrid particle level set method for improved interface capturing},
  author={Enright, Douglas and Fedkiw, Ronald and Ferziger, Joel and Mitchell, Ian},
  journal={Journal of Computational Physics},
  volume={183},
  number={1},
  pages={83--116},
  year={2002},
  publisher={Elsevier}
}

@article{menard2007coupling,
  title={Coupling level set/VOF/ghost fluid methods: Validation and application to 3D simulation of the primary break-up of a liquid jet},
  author={M{\'e}nard, Thibault and Tanguy, Sebastien and Berlemont, Alain},
  journal={International Journal of Multiphase Flow},
  volume={33},
  number={5},
  pages={510--524},
  year={2007},
  publisher={Elsevier}
}

@article{sussman2000coupled,
  title={A coupled level set and volume-of-fluid method for computing 3D and axisymmetric incompressible two-phase flows},
  author={Sussman, Mark and Puckett, Elbridge Gerry},
  journal={Journal of Computational Physics},
  volume={162},
  number={2},
  pages={301--337},
  year={2000},
  publisher={Elsevier}
}

@article{sussman2003second,
  title={A second order coupled level set and volume-of-fluid method for computing growth and collapse of vapor bubbles},
  author={Sussman, Mark},
  journal={Journal of Computational Physics},
  volume={187},
  number={1},
  pages={110--136},
  year={2003},
  publisher={Elsevier}
}

@article{son2002coupled,
  title={A coupled level set and volume-of-fluid method for the buoyancy-driven motion of fluid particles},
  author={Son, Gihun and Hur, Nahmkeon},
  journal={Numerical Heat Transfer: Part B: Fundamentals},
  volume={42},
  number={6},
  pages={523--542},
  year={2002},
  publisher={Taylor \& Francis}
}

@article{wang2009coupled,
  title={A coupled level set and volume-of-fluid method for sharp interface simulation of plunging breaking waves},
  author={Wang, Zhaoyuan and Yang, Jianming and Koo, Bonguk and Stern, Frederick},
  journal={International Journal of Multiphase Flow},
  volume={35},
  number={3},
  pages={227--246},
  year={2009},
  publisher={Elsevier}
}

@article{dyadechko2005moment,
  title={Moment-of-fluid interface reconstruction},
  author={Dyadechko, Vadim and Shashkov, Mikhail},
  journal={Los Alamos report LA-UR-05-7571},
  year={2005},
}

@article {SchofieldETAL2010,
author = {Schofield, Samuel P. and Christon, Mark A. and Dyadechko, Vadim and Garimella, Rao V. and Lowrie, Robert B. and Swartz, Blair K.},
title = {Multi-material incompressible flow simulation using the moment-of-fluid method},
journal = {International Journal for Numerical Methods in Fluids},
volume = {63},
number = {8},
publisher = {John Wiley \& Sons, Ltd.},
issn = {1097-0363},
url = {http://dx.doi.org/10.1002/fld.2108},
doi = {10.1002/fld.2108},
pages = {931--952},
keywords = {moment-of-fluid, volume tracking, interface reconstruction, variable-density incompressible flow, projection method, finite element method},
year = {2010},
}

@article{ahn2007multi,
  title={Multi-material interface reconstruction on generalized polyhedral meshes},
  author={Ahn, Hyung Taek and Shashkov, Mikhail},
  journal={Journal of Computational Physics},
  volume={226},
  number={2},
  pages={2096-2132},
  year={2007},
  publisher={Elsevier}
}

@article{dyadechko2008reconstruction,
  title={Reconstruction of multi-material interfaces from moment data},
  author={Dyadechko, Vadim and Shashkov, Mikhail},
  journal={Journal of Computational Physics},
  volume={227},
  number={11},
  pages={5361--5384},
  year={2008},
  publisher={Elsevier}
}

@article{ahn2009adaptive,
  title={Adaptive moment-of-fluid method},
  author={Ahn, Hyung Taek and Shashkov, Mikhail},
  journal={Journal of Computational Physics},
  volume={228},
  number={8},
  pages={2792--2821},
  year={2009},
  publisher={Elsevier}
}

@article {CNM:CNM1135,
author = {Ahn, Hyung Taek and Shashkov, Mikhail and Christon, Mark A.},
title = {The moment-of-fluid method in action},
journal = {Communications in Numerical Methods in Engineering},
volume = {25},
number = {10},
publisher = {John Wiley \ Sons, Ltd.},
pages = {1009--1018},
year = {2009},
}


@article{xu2004hydrogen,
  title={Hydrogen particles in liquid helium},
  author={Xu, J and Smith, KM and Celik, D and Hussaini, MY and Van Sciver, SW},
  journal={Cryogenics},
  volume={44},
  number={6},
  pages={507--514},
  year={2004},
  publisher={Elsevier}
}

@article{xu2004two,
  title={Two-phase flow of solid hydrogen particles and liquid helium},
  author={Xu, J and Rouelle, A and Smith, KM and Celik, D and Hussaini, MY and Van Sciver, SW},
  journal={Cryogenics},
  volume={44},
  number={6},
  pages={459--466},
  year={2004},
  publisher={Elsevier}
}

@article{xu2005numerical,
  title={Numerical study of liquid-hydrogen droplet generation from a vibrating orifice},
  author={Xu, J and Celik, D and Hussaini, MY and Van Sciver, SW},
  journal={Physics of Fluids},
  volume={17},
  pages={082103},
  year={2005}
}

@article{UnlusuETAL2007,
author={Unlusu, Betul and Smith, Kayne M. and Hussaini, M. Yousuff 
 and Gelb, Lev D. and Allen, Susan D.},
title={A Molecular Dynamics Study of Laser-Assisted Cleaning: Energy Transfer Medium-Contaminant Particle Interaction},
journal={Journal of Computational and Theoretical Nanoscience},
volume={4(3)},
year={2007}
}

@article{UnlusuETAL2008,
   author={Betul Unlusu and Jinquan Xu and M. Yousuff Hussaini and
     Dogan Celik and Steven W. Van Sciver},
   title={Investigation of Hydrogen Droplet Solidification in 
     Cryogenic Helium},
   journal={Journal of Thermophysics and Heat Transfer},
   volume={22(1)},
   pages={83-89},
   year={2008} }

@inproceedings{MihMetSus09,
   author={V. Mihalef and D. Metaxas and M. Sussman},
   title={Simulation of two-phase flow with sub-scale droplet and
    bubble effects},
   booktitle={Proceedings of Eurographics 2009, CGF, Volume 28(2) },
   year={2009} }

@article{bornia2011properties,
  title={On the properties and limitations of the height function method in two-dimensional Cartesian geometry},
  author={Bornia, G and Cervone, A and Manservisi, Sandro and Scardovelli, Ruben and Zaleski, Stephane},
  journal={Journal of Computational Physics},
  volume={230},
  number={4},
  pages={851--862},
  year={2011},
  publisher={Elsevier}
}

@article{SusOht09,
   author={M. Sussman and M. Ohta},
   title={A stable and efficient method for treating surface tension
    in incompressible two-phase flow },
   journal={SIAM J. Sci. Comput.},
   volume={31},
   number={4},
   pages={2447-2471},
   year={2009} }



@article{Bin201334,

title = "Fluid-structure interactions of photo-responsive polymer cantilevers ",

journal = "Journal of Fluids and Structures ",

volume = "37",

number = "0",

pages = "34 - 61",

year = "2013",

note = "",

issn = "0889-9746",

doi = "http://dx.doi.org/10.1016/j.jfluidstructs.2012.10.008",

url = "http://www.sciencedirect.com/science/article/pii/S0889974612002046",

author = "Jonghoon Bin and William S. Oates and M. Yousuff Hussaini",

keywords = "Liquid crystal network (LCN)",

keywords = "Azobenzene liquid crystals",

keywords = "Arbitrary Lagrangian–Eulerian (ALE)",

keywords = "Artificial compressibility",

keywords = "Fluid–structure interaction "

}

@article{kim2001recoiling,
  title={The recoiling of liquid droplets upon collision with solid surfaces},
  author={Kim, H-Y and Chun, J-H},
  journal={Physics of fluids},
  volume={13},
  pages={643},
  year={2001}
};


@article{Sijoy20103848,
title = "Volume-of-fluid algorithm with different modified dynamic 
material ordering methods and their comparisons ",
journal = "Journal of Computational Physics ",
volume = "229",
number = "10",
pages = "3848 - 3863",
year = "2010",
note = "",
issn = "0021-9991",
doi = "http://dx.doi.org/10.1016/j.jcp.2010.01.031",
url = "http://www.sciencedirect.com/science/article/pii/S0021999110000549",
author = "C.D. Sijoy and Shashank Chaturvedi",
keywords = "\{VOF\}",
keywords = "Multi-material",
keywords = "Material ordering",
keywords = "Onion-skin order",
keywords = "Interface reconstruction",
keywords = "Interface advection",
keywords = "Compressible flow",
keywords = "Volume-of-fluid "
}

@article{Kim2007,
  title={Phase field computations for ternary fluid flows},
  author={Junseok Kim},
  journal={Computer methods in applied mechanics and engineering},
  volume={196},
  pages={4779-4788},
  year={2007}
};

@article{wang2012hybrid,
  title={A hybrid level set-volume constraint method for incompressible two-phase flow},
  author={Wang, Y and Simakhina, S and Sussman, M},
  journal={Journal of Computational Physics},
  year={2012},
  publisher={Elsevier}
};
@article{kucharik2010comparative,
  title={A comparative study of interface reconstruction methods for multi-material ALE simulations},
  author={Kucharik, Milan and Garimella, Rao V and Schofield, Samuel P and Shashkov, Mikhail J},
  journal={Journal of Computational Physics},
  volume={229},
  number={7},
  pages={2432--2452},
  year={2010},
  publisher={Elsevier}
};
@article{rudman1998volume,
  title={A volume-tracking method for incompressible multifluid flows with large density variations},
  author={Rudman, Murray},
  journal={International Journal for Numerical Methods in Fluids},
  volume={28},
  number={2},
  pages={357--378},
  year={1998}
};

@article{Aulisa20072301,

title = "Interface reconstruction with least-squares fit and split advection in three-dimensional Cartesian geometry ",

journal = "Journal of Computational Physics ",

volume = "225",

number = "2",

pages = "2301 - 2319",

year = "2007",

note = "",

issn = "0021-9991",

doi = "http://dx.doi.org/10.1016/j.jcp.2007.03.015",

url = "http://www.sciencedirect.com/science/article/pii/S0021999107001325",

author = "E. Aulisa and S. Manservisi and R. Scardovelli and S. Zaleski",

keywords = "VOF/PLIC methods",

keywords = "Interface reconstruction",

keywords = "Lagrangian and Eulerian advection",

keywords = "Mass conservation",

keywords = "Incompressible flow "

}

@article{scardovelli2003interface,
  title={Interface reconstruction with least-square fit and split Eulerian--Lagrangian advection},
  author={Scardovelli, Ruben and Zaleski, Stephane},
  journal={International Journal for Numerical Methods in Fluids},
  volume={41},
  number={3},
  pages={251--274},
  year={2003},
  publisher={Wiley Online Library}
};
@article{liovic20063d,
  title={A 3D unsplit-advection volume tracking algorithm with planarity-preserving interface reconstruction},
  author={Liovic, Petar and Rudman, Murray and Liow, Jong-Leng and Lakehal, Djamel and Kothe, Doug},
  journal={Computers \& fluids},
  volume={35},
  number={10},
  pages={1011--1032},
  year={2006},
  publisher={Elsevier}
};
@article{strang1968construction,
  title={On the construction and comparison of difference schemes},
  author={Strang, Gilbert},
  journal={SIAM Journal on Numerical Analysis},
  volume={5},
  number={3},
  pages={506--517},
  year={1968},
  publisher={SIAM}
};

@article{Sus03,
   author={M. Sussman},
   title={A second order coupled levelset and volume of fluid method
    for computing growth and collapse of vapor bubbles},
   journal={Journal of Computational Physics},
   volume={187},
   pages={110-136},
   year={2003} }

@article{LeChenadec201310,
title = {A 3D Unsplit Forward/Backward Volume-of-Fluid Approach and Coupling to the Level Set Method },
journal = {Journal of Computational Physics },
volume = {233},
number = {0},
pages = {10 - 33},
year = {2013},
author = {Vincent Le Chenadec and Heinz Pitsch},
};
@article{raessi2008level,
  title={A level set based method for calculating flux densities in two-phase flows},
  author={Raessi, M},
  journal={Annual Research Briefs (Center for Turbulence Research, Stanford)},
  year={2008}
};
@article{raessi2009modeling,
  title={Modeling interfacial flows characterized by large density ratios with the level set method},
  author={Raessi, M and Pitsch, H},
  journal={Annual Research Brief, Center for Turbulence Research},
  year={2009}
};
@article{kang2000boundary,
  title={A boundary condition capturing method for multiphase incompressible flow},
  author={Kang, Myungjoo and Fedkiw, Ronald P and Liu, Xu-Dong},
  journal={Journal of Scientific Computing},
  volume={15},
  number={3},
  pages={323--360},
  year={2000},
  publisher={Springer}
};

@ARTICLE{Cho68,
 author={A. J. Chorin},
 title={Numerical Solution of the {Navier-Stokes} Equations},
 journal={Journal of Computational Physics},
 volume={22},
 pages={745--762},
 month={October},
 year={1968}
}

@article{kwatra2009method,
  title={A method for avoiding the acoustic time step restriction in compressible flow},
  author={Kwatra, Nipun and Su, Jonathan and Gr{\'e}tarsson, J{\'o}n T and Fedkiw, Ronald},
  journal={Journal of Computational Physics},
  volume={228},
  number={11},
  pages={4146--4161},
  year={2009},
  publisher={Elsevier}
};
@book{ashgriz2011handbook,
  title={Handbook of atomization and sprays},
  author={Ashgriz, Nasser},
  year={2011},
  publisher={Springer}
};

@article{grant1966newtonian,
  title={Newtonian jet stability},
  author={Grant, Rollin Peter and Middleman, Stanley},
  journal={AIChE Journal},
  volume={12},
  number={4},
  pages={669--678},
  year={1966},
  publisher={Wiley Online Library}
};

@article{AshgrizPoo1990,
  title={Coalescence and separation in binary collisions of droplets},
  author={N. Ashgriz and J.Y. Poo},
  journal={J. Fluid Mech.},
  volume={221},
  pages={183-204},
  year={1990}
};

@article{ChenChen2006,
  title={Collision between immiscible drops with large surface 
   tension difference: diesel oil and water},
  author={R.-H. Chen and C.-T. Chen},
  journal={Experiments in Fluids},
  volume={41},
  pages={453-461},
  year={2006}
};

@article{Orme1997,
  title={Experiments on droplet collisions, bounce, 
   coalescence and disruption},
  author={M. Orme},
  journal={Prog. Energy Combust. Sci.},
  volume={23},
  pages={65-79},
  year={1997}
};


@book{lin2003breakup,
  title={Breakup of liquid sheets and jets},
  author={Lin, Sung-Piau},
  year={2003},
  publisher={Cambridge University Press New York}
};
@article{cossali1997impact,
  title={The impact of a single drop on a wetted solid surface},
  author={Cossali, GE and Coghe, A and Marengo, M},
  journal={Experiments in fluids},
  volume={22},
  number={6},
  pages={463--472},
  year={1997},
  publisher={Springer}
};
@article{okawa2006production,
  title={Production of secondary drops during the single water drop impact onto a plane water surface},
  author={Okawa, Tomio and Shiraishi, Takuya and Mori, Toshiaki},
  journal={Experiments in fluids},
  volume={41},
  number={6},
  pages={965--974},
  year={2006},
  publisher={Springer}
};
@article{rieber1999numerical,
  title={A numerical study on the mechanism of splashing},
  author={Rieber, Martin and Frohn, Arnold},
  journal={International Journal of Heat and Fluid Flow},
  volume={20},
  number={5},
  pages={455--461},
  year={1999},
  publisher={Elsevier}
};
@article{yarin1995impact,
  title={Impact of drops on solid surfaces: self-similar capillary waves, and splashing as a new type of kinematic discontinuity},
  author={Yarin, AL and Weiss, DA},
  journal={Journal of Fluid Mechanics},
  volume={283},
  number={1},
  pages={141--173},
  year={1995},
  publisher={Cambridge Univ Press}
};
@article{nikolopoulos2007three,
  title={Three-dimensional numerical investigation of a droplet impinging normally onto a wall film},
  author={Nikolopoulos, N and Theodorakakos, A and Bergeles, G},
  journal={Journal of Computational Physics},
  volume={225},
  number={1},
  pages={322--341},
  year={2007},
  publisher={Elsevier}
};
@article{yarin2006drop,
  title={Drop impact dynamics: splashing, spreading, receding, bouncing…},
  author={Yarin, AL},
  journal={Annu. Rev. Fluid Mech.},
  volume={38},
  pages={159--192},
  year={2006},
  publisher={Annual Reviews}
};

@article{jiang1979correlation,
  title={Correlation for dynamic contact angle},
  author={Jiang, Tsung-Shann and Soo-Gun, OH and Slattery, John C},
  journal={Journal of Colloid and Interface Science},
  volume={69},
  number={1},
  pages={74--77},
  year={1979},
  publisher={Elsevier}
};
@article{weymouth2010conservative,
  title={Conservative volume-of-fluid method for free-surface simulations on Cartesian-grids},
  author={Weymouth, GD and Yue, Dick K-P},
  journal={Journal of Computational Physics},
  volume={229},
  number={8},
  pages={2853--2865},
  year={2010},
  publisher={Elsevier}
};

@article{del2014front,
  title={Front propagation in reaction-diffusion 
    systems with anomalous diffusion},
  author={del-Castillo-Negrete, D},
  journal={Bolet{\'\i}n de la Sociedad Matem{\'a}tica Mexicana},
  volume={20},
  number={1},
  pages={87--105},
  year={2014},
  publisher={Springer}
}

@article{PhysRevLett.91.018302,
  title = {Front Dynamics in Reaction-Diffusion Systems with Levy Flights: A Fractional Diffusion Approach},
  author = {del-Castillo-Negrete, D. and Carreras, B. A. and Lynch, V. E.},
  journal = {Phys. Rev. Lett.},
  volume = {91},
  issue = {1},
  pages = {018302},
  numpages = {4},
  year = {2003},
  month = {Jul},
  publisher = {American Physical Society},
  doi = {10.1103/PhysRevLett.91.018302},
  url = {http://link.aps.org/doi/10.1103/PhysRevLett.91.018302}
}

%%
%% LES in the atmospheric part
%% e^{3/2} term represents dissipation of subgrid-scale turbulent kinetic
%% energy.
%% heat source on the ground is prescribed (idealized heat source, only
%% 1 way coupling).
%% WRF (weather research and forecasting) model code (Skamarock et al 2001)
%% explicit sub-cycling for pressure gradient.
@article{cunningham2005coherent,
  title={Coherent vortical structures in numerical 
    simulations of buoyant plumes from wildland fires},
  author={Cunningham, Philip and Goodrick, Scott L and 
    Hussaini, M Yousuff and Linn, Rodman R},
  journal={International Journal of Wildland Fire},
  volume={14},
  number={1},
  pages={61--75},
  year={2005},
  publisher={CSIRO}
}

@article{jimenez2008quantifying,
  title={Quantifying parametric uncertainty in the Rothermel model},
  author={Jimenez, Edwin and Hussaini, M Yousuff and Goodrick, Scott},
  journal={International journal of wildland fire},
  volume={17},
  number={5},
  pages={638--649},
  year={2008},
  publisher={CSIRO}
}

%% only 1-way coupling (heat source is prescribed)
@article{mughal2007role,
  title={Role of buoyancy and heat release in fire modeling, 
   propagation, and instability},
  author={M. Shahid Mughal and M. Yousuff Hussaini and 
    S.L. Goodrick and P. Cunningham},
  journal={BW Butler and W. Cook, compilers. The fire 
    environment-innovations, management, and policy},
  pages={195--219},
  year={2007}
}

@inproceedings{cunningham2003dynamics,
  title={Dynamics of fire plumes in vertical shear},
  author={Cunningham, Philip and Goodrick, Scott L and 
    Hussaini, M Yousuff and Linn, Rodman R and Xia, Chunmei},
  booktitle={CD-ROM Preprints, Fifth Symp. on 
    Fire and Forest Meteorology, Orlando, FL},
  year={2003}
}

@article{collin2011physical,
  title={A physical-based cellular automation model for 
   forest-fire propagation},
  author={Collin, A and Bernardin, D and Sero-Guillaume, O},
  journal={Combustion Science and Technology},
  volume={183},
  number={4},
  pages={347--369},
  year={2011},
  publisher={Taylor \& Francis}
}

@article{han2010different,
  title={Different characteristics of char and soot in the atmosphere and their ratio as an indicator for source identification in Xi'an, China},
  author={Han, YM and Cao, JJ and Lee, SC and Ho, KF and An, ZS},
  journal={Atmospheric Chemistry and Physics},
  volume={10},
  number={2},
  pages={595--607},
  year={2010},
  publisher={Copernicus GmbH}
}

@article{frankel1994sequence,
  title={A sequence of period doublings and chaotic pulsations in a free boundary problem modeling thermal instabilities},
  author={Frankel, M and Roytburd, V and Sivashinsky, G},
  journal={SIAM Journal on Applied Mathematics},
  volume={54},
  number={4},
  pages={1101--1112},
  year={1994},
  publisher={SIAM}
}


@article{matkowsky1978propagation,
  title={Propagation of a pulsating reaction front in solid fuel combustion},
  author={Matkowsky, BJ and Sivashinsky, GI},
  journal={SIAM Journal on Applied Mathematics},
  volume={35},
  number={3},
  pages={465--478},
  year={1978},
  publisher={SIAM}
}


@article{brailovsky1993chaotic,
  title={Chaotic dynamics in solid fuel combustion},
  author={Brailovsky, I and Sivashinsky, G},
  journal={Physica D: Nonlinear Phenomena},
  volume={65},
  number={1},
  pages={191--198},
  year={1993},
  publisher={Elsevier}
}


%% levelset for fire spread (WRF-Fire) (only surface fires, no
%% crown fires)
%% speed takes into account radiation heating, drying, igniting
%% unburned fuel, convective heating, contact ignition,
%% spotting of small flaming embers short distances ahead of the 
%% fire line.  "semiemprical"
%% R=R_0(1+ phiS + phiW)  phiS = slope contribution phiW= wind
%% WRF (Skamarock 2005) for the atmospheric code. (fully compressible,
%% non-hydrostatic)
@article{coen2013wrf,
  title={WRF-Fire: Coupled weather-wildland fire modeling with the 
    Weather Research and Forecasting model},
  author={Coen, Janice L and Cameron, Marques and Michalakes, John and Patton, Edward G and Riggan, Philip J and Yedinak, Kara M},
  journal={Journal of Applied Meteorology and Climatology},
  volume={52},
  number={1},
  pages={16--38},
  year={2013}
}

@article{coen2013use,
  title={Use of spatially refined satellite remote sensing fire detection data to initialize and evaluate coupled weather-wildfire growth model simulations},
  author={Coen, Janice L and Schroeder, Wilfrid},
  journal={Geophysical Research Letters},
  volume={40},
  number={20},
  pages={5536--5541},
  year={2013},
  publisher={Wiley Online Library}
}

%% Clark-Hall Meteorological model
%% Rothermel model used R=R0(1+phiS+phiW)
@techreport{coen2013NCAR,
   author={J. Coen},
   title={Modeling wildland fires : A description of the 
    Coupled Atmosphere-Wildland Fire Environment model (CAWFE)},
   institution={NCAR},
   year={2013},
   type={Technical Report},
   number={NCAR Technical Note NCAR/TN-500+STR} }

@article{xia2003numericalB,
  title={Numerical study of wildfire behavior in the 
   southeast United States using a coupled atmosphere-fire model},
  author={Xia, C and Cunningham, P and  Linn, R R and Goodrick, S and  Hussaini, M Y},
  booktitle={5th Symposium on Fire and Forest Meteorology, 16-20 November 2003},
  year={2003}
}

@inproceedings{xia2003numerical,
  title={Numerical study of effects of atmosphere temperature profile on wildfire behavior},
  author={Xia, Chunmei and Hussaini, M Yousuff and Cunningham, Philip and Linn, Rodman R and Goodrick, Scott L and others},
  booktitle={5th Symposium on Fire and Forest Meteorology},
  year={2003},
  organization={Citeseer}
}


%% uses FDS
@article{mell2009numerical,
  title={Numerical simulation and experiments of burning douglas fir trees},
  author={Mell, William and Maranghides, Alexander and McDermott, Randall and Manzello, Samuel L},
  journal={Combustion and Flame},
  volume={156},
  number={10},
  pages={2023--2041},
  year={2009},
  publisher={Elsevier}
}

%% operational model used for the fire model.
@article{finney2004farsite,
  title={FARSITE, Fire Area Simulator-model development and evaluation},
  author={Finney, Mark Arnold and others},
  year={2004},
  publisher={US Department of Agriculture, Forest Service, 
   Rocky Mountain Research Station}
}

@article{mcgrattan2004fire,
  title={Fire dynamics simulator (version 5), technical reference guide},
  author={McGrattan, Kevin and Hostikka, Simo and Floyd, JE and Baum, HR and Rehm, RG and Mell, William and McDermott, Randall},
  journal={NIST special publication},
  volume={1018},
  pages={5},
  year={2004}
}

@article{sero2002modelling,
  title={Modelling forest fires. Part I: a complete set of equations derived by extended irreversible thermodynamics},
  author={S{\'e}ro-Guillaume, O and Margerit, J},
  journal={International Journal of Heat and Mass Transfer},
  volume={45},
  number={8},
  pages={1705--1722},
  year={2002},
  publisher={Elsevier}
}

@incollection{diRusso1993modeling,
  title={Modeling of transport phenomena and kinetics of biomass pyrolysis},
  author={Di Blasi, Colomba and Russo, Gennaro},
  booktitle={Advances in thermochemical biomass conversion},
  pages={906--921},
  year={1993},
  publisher={Springer}
}

@article{margerit2002modelling,
  title={Modelling forest fires. Part II: reduction to two-dimensional models and simulation of propagation},
  author={Margerit, J and S{\'e}ro-Guillaume, O},
  journal={International Journal of Heat and Mass Transfer},
  volume={45},
  number={8},
  pages={1723--1737},
  year={2002},
  publisher={Elsevier}
}

@article{chen2007numerical,
  title={Numerical simulations of gas diffusion and reaction in fractal pores during char combustion},
  author={Chen, Qun and HE, RONG and Liang, Zhanggang and Xu, Xuchang and Sato, Jun'Ichi},
  journal={Combustion science and technology},
  volume={179},
  number={4},
  pages={695--722},
  year={2007},
  publisher={Taylor \& Francis}
}

@article{clarke1994cellular,
  title={A cellular automation model of wildfire propagation and extinction},
  author={Clarke, Keith C and Brass, James A and Riggan, Philip J and others},
  journal={Photogrammetric Engineering and Remote Sensing},
  volume={60},
  number={11},
  pages={1355--1367},
  year={1994},
  publisher={[Falls Church, Va.] American Society of Photogrammetry.}
}

@article{tarasov2013review,
  title={Review of some promising fractional physical models},
  author={Tarasov, Vasily E},
  journal={International Journal of Modern Physics B},
  volume={27},
  number={09},
  year={2013},
  publisher={World Scientific}
}

@article{volpert2013fronts,
  title={Fronts in anomalous diffusion-reaction systems},
  author={Volpert, VA and Nec, Y and Nepomnyashchy, AA},
  journal={Philosophical Transactions of the Royal Society A: Mathematical, Physical and Engineering Sciences},
  volume={371},
  number={1982},
  pages={20120179},
  year={2013},
  publisher={The Royal Society}
}

@article{wells2013capturing,
  title={Capturing Fire: RxCADRE Takes Fire Measurements to Whole New Level},
  author={Wells, Gail},
  year={2013}
}

%% uses operational models to predict rate of burning.
@article{mallet2009modeling,
  title={Modeling wildland fire propagation with level set methods},
  author={Mallet, Vivien and Keyes, DE and Fendell, FE},
  journal={Computers \& Mathematics with Applications},
  volume={57},
  number={7},
  pages={1089--1101},
  year={2009},
  publisher={Elsevier}
}

%% Rothermel/Albini paradigm for normal front velocity
@article{lautenberger2013wildland,
  title={Wildland fire modeling with an Eulerian level 
    set method and automated calibration},
  author={Lautenberger, Chris},
  journal={Fire Safety Journal},
  volume={62},
  pages={289--298},
  year={2013},
  publisher={Elsevier}
}

%% HIGRAD+FIRETEC
@phdthesis{sauer2013towards,
  title={Towards improved capability and confidence in 
    coupled atmospheric and wildland fire modeling},
  author={Sauer, Jeremy A},
  year={2013},
  school={THE FLORIDA STATE UNIVERSITY}
}

@phdthesis{canfield2014wildfire,
  title={Wildfire dynamics: Understanding some behavior trends},
  author={Canfield, Jesse M},
  year={2014},
  school={THE FLORIDA STATE UNIVERSITY}
}

@article{buscarino2015complexity,
  title={Complexity in forest fires: From simple experiments to nonlinear networked models},
  author={Buscarino, Arturo and Famoso, Carlo and Fortuna, Luigi and Frasca, Mattia and Xibilia, Maria Gabriella},
  journal={Communications in Nonlinear Science and Numerical Simulation},
  volume={22},
  number={1},
  pages={660--675},
  year={2015},
  publisher={Elsevier}
}

@inproceedings{mellawildland,
  title={Wildland fire behavior modeling: perspectives, new approaches and 
    applications},
  author={William Mell and Randall McDermott and Glenn Forney},
  booktitle={proceedings of 3rd fire behavior and fuels conference, October
   2010},
  address={Spokane, Washington},
  year={2010} }

@article{manzello2007firebrand,
  title={Firebrand generation from burning vegetation},
  author={Manzello, Samuel L and Maranghides, Alexander and Mell, William E},
  journal={International Journal of Wildland Fire},
  volume={16},
  number={4},
  pages={458--462},
  year={2007},
  publisher={CSIRO}
}

@article{suzuki2012firebrand,
  title={Firebrand generation data obtained from a full-scale structure burn},
  author={Suzuki, Sayaka and Manzello, Samuel L and 
    Lage, Matthew and Laing, George},
  journal={International journal of wildland fire},
  volume={21},
  number={8},
  pages={961--968},
  year={2012},
  publisher={CSIRO}
}

@article{mell2010wildland,
  title={The wildland--urban interface fire problem--current 
    approaches and research needs},
  author={Mell, William E and Manzello, Samuel L and Maranghides, Alexander and Butry, David and Rehm, Ronald G},
  journal={International Journal of Wildland Fire},
  volume={19},
  number={2},
  pages={238--251},
  year={2010},
  publisher={CSIRO}
}

%% FIRETEC+HIGRAD  (FIRETEC solves compressible fluid equations with reaction
%% terms)
@article{linn2002studying,
  title={Studying wildfire behavior using FIRETEC},
  author={Linn, Rodman and Reisner, Jon and Colman, Jonah J and Winterkamp, Judith},
  journal={International journal of wildland fire},
  volume={11},
  number={4},
  pages={233--246},
  year={2002},
  publisher={CSIRO}
}

%% FIRETEC solves compressible reactive fluid equations.
@article{pimont2012coupled,
  title={Coupled slope and wind effects on fire spread with influences of fire size: a numerical study using FIRETEC},
  author={Pimont, F and Dupuy, J-L and Linn, RR},
  journal={International journal of wildland fire},
  volume={21},
  number={7},
  pages={828--842},
  year={2012},
  publisher={CSIRO}
}

@article{mell2007physics,
  title={A physics-based approach to modelling grassland fires},
  author={Mell, William and Jenkins, Mary Ann and Gould, Jim and Cheney, Phil},
  journal={International Journal of Wildland Fire},
  volume={16},
  number={1},
  pages={1--22},
  year={2007},
  publisher={CSIRO}
}

@article{nelson2012entrainment,
  title={Entrainment regimes and flame characteristics of wildland fires},
  author={Nelson, Ralph M and Butler, Bret W and Weise, David R},
  journal={International Journal of Wildland Fire},
  volume={21},
  number={2},
  pages={127--140},
  year={2012},
  publisher={CSIRO}
}

@article{scott2005standard,
  title={Standard fire behavior fuel models: a comprehensive 
    set for use with Rothermel's surface fire spread model},
  author={Scott, Joe H and Burgan, Robert E},
  journal={The Bark Beetles, Fuels, and Fire Bibliography},
  pages={66},
  year={2005}
}

@article{DiBlasi199371,

title = "Modeling and simulation of combustion processes of 
 charring and non-charring solid fuels ",

journal = "Progress in Energy and Combustion Science ",

volume = "19",

number = "1",

pages = "71 - 104",

year = "1993",

note = "",

issn = "0360-1285",

doi = "http://dx.doi.org/10.1016/0360-1285(93)90022-7",

url = "http://www.sciencedirect.com/science/article/pii/0360128593900227",

author = "Colomba Di Blasi",

}


@article{Yang20032205,

title = "Effects of fuel devolatilisation on the combustion of 
wood chips and incineration of simulated municipal solid 
wastes in a packed bed",

journal = "Fuel ",

volume = "82",

number = "18",

pages = "2205 - 2221",

year = "2003",

note = "",

issn = "0016-2361",

doi = "http://dx.doi.org/10.1016/S0016-2361(03)00145-5",

url = "http://www.sciencedirect.com/science/article/pii/S0016236103001455",

author = "Y.B. Yang and H. Yamauchi and V. Nasserzadeh and J. Swithenbank",

keywords = "Incineration",

keywords = "Solid waste fuel",

keywords = "Devolatilisation",

keywords = "Mathematical modelling ",


}

@article{schnell2001numerical,
  title={Numerical modelling of solid fuel combustion processes using advanced CFD-based simulation tools},
  author={Schnell, Uwe},
  journal={Progress in Computational Fluid Dynamics, an International Journal},
  volume={1},
  number={4},
  pages={208--218},
  year={2001},
  publisher={Inderscience}
}

@techreport{liang2006spark,
  title={Spark ignition engine combustion modeling using a level set method with detailed chemistry},
  author={Liang, Long and Reitz, Rolf D},
  year={2006},
  institution={SAE Technical Paper}
}

@article{wang2004numerical,
  title={Numerical simulation of heterogeneous propellant combustion by a level set method},
  author={Wang, X and Jackson, TL and Massa, L},
  journal={Combustion Theory and Modelling},
  volume={8},
  number={2},
  pages={227--254},
  year={2004},
  publisher={Taylor \& Francis}
}

@article{wang2005numerical,
  title={The numerical simulation of two-dimensional aluminized composite solid propellent combustion},
  author={Wang, X and Jackson, T},
  journal={Combustion Theory and Modelling},
  volume={9},
  number={1},
  pages={171--197},
  year={2005},
  publisher={Taylor \& Francis}
}

@article{stafford2010using,
  title={Using level sets for creating virtual random packs of non-spherical convex shapes},
  author={Stafford, D Shane and Jackson, Thomas L},
  journal={Journal of Computational Physics},
  volume={229},
  number={9},
  pages={3295--3315},
  year={2010},
  publisher={Elsevier}
}

@article{jackson2007modeling,
  title={Modeling of propellants containing ultrafine aluminum},
  author={Jackson, TL and Buckmaster, J and Wang, X},
  journal={Journal of propulsion and power},
  volume={23},
  number={1},
  pages={158--165},
  year={2007}
}

@article{wang2007three,
  title={The three-dimensional numerical simulation of 
   aluminized composite solid propellant combustion},
  author={Wang, X and Hossain, K and Jackson, TL},
  journal={Combustion Theory and Modelling},
  volume={12},
  number={1},
  pages={45--71},
  year={2007},
  publisher={Taylor \& Francis}
}

@article{choi2011simulations,
  title={Simulations of Composite Solid Propellant Combustion using Adaptive Mesh Refinement},
  author={Choi, Jung J and Cakmak, Mehtap and Menon, Suresh},
  journal={AIAA Paper},
  volume={417},
  pages={2011},
  year={2011}
}

@article{houim2013ghost,
  title={A ghost fluid method for compressible 
   reacting flows with phase change},
  author={Houim, Ryan W and Kuo, Kenneth K},
  journal={Journal of Computational Physics},
  volume={235},
  pages={865--900},
  year={2013},
  publisher={Elsevier}
}

@article{hou1997multiscale,
  title={A multiscale finite element method for elliptic problems in composite materials and porous media},
  author={Hou, Thomas Y and Wu, Xiao-Hui},
  journal={Journal of computational physics},
  volume={134},
  number={1},
  pages={169--189},
  year={1997},
  publisher={Elsevier}
}

@article{weinan2007heterogeneous,
  title={Heterogeneous multiscale methods: a review},
  author={Weinan, E and Engquist, Bjorn and Li, Xiantao and Ren, Weiqing and Vanden-Eijnden, Eric},
  journal={Commun. Comput. Phys},
  volume={2},
  number={3},
  pages={367--450},
  year={2007}
}

@article{hwang2014tracking,
  title={Tracking Methods to Study the Surface Regression 
    of the Solid-Propellant Grain},
  author={Hwang, Yao Hsin and Chiang, Chung Hua},
  journal={International Journal of Engineering and Technology},
  volume={4},
  number={4},
  pages={213--222},
  year={2014}
}

@inproceedings{gueyffierhigh,
  title={High-order computation of burning propellant surface 
   and simulation of fluid flow in solid rocket chamber},
  author={Gueyffier, D and Roux, FX and Fabignon, Y and Chaineray, G and Lupoglazoff, N and Vuillot, F and Alauzet, F},
  booktitle={50th AIAA/ASME/SAE/ASEE Joint Propulsion Conference},
  year={2014}
}

@article{sato2013sharp,
  title={A sharp-interface phase change model for a mass-conservative interface tracking method},
  author={Sato, Yohei and Ni{\v{c}}eno, Bojan},
  journal={Journal of Computational Physics},
  volume={249},
  pages={127--161},
  year={2013},
  publisher={Elsevier}
}

@article{sato2015depletable,
  title={A depletable micro-layer model for nucleate pool boiling},
  author={Sato, Yohei and Niceno, Bojan},
  journal={Journal of Computational physics},
  volume={300},
  pages={20--52},
  year={2015},
  publisher={Elsevier}
}

@ARTICLE{SusSmeOsh94,
 author={M. Sussman and P. Smereka and S.J. Osher},
 title={A level set approach for computing solutions to incompressible
        two-phase flow},
 journal=jcp,
 volume={114},
 pages={146-159},
 year={1994}
}

@article{almgren2000approximate,
  title={Approximate projection methods: Part I. Inviscid analysis},
  author={Almgren, Ann S and Bell, John B and Crutchfield, William Y},
  journal={SIAM Journal on Scientific Computing},
  volume={22},
  number={4},
  pages={1139--1159},
  year={2000},
  publisher={SIAM}
}

@article{juric1998computations,
  title={Computations of boiling flows},
  author={Juric, Damir and Tryggvason, Gr{\'e}tar},
  journal={International Journal of Multiphase Flow},
  volume={24},
  number={3},
  pages={387--410},
  year={1998},
  publisher={Elsevier}
}

@article{ESMAEELI20045451,
title = {Computations of film boiling. Part I: numerical method},
journal = {International Journal of Heat and Mass Transfer},
volume = {47},
number = {25},
pages = {5451-5461},
year = {2004},
issn = {0017-9310},
doi = {https://doi.org/10.1016/j.ijheatmasstransfer.2004.07.027},
url = {https://www.sciencedirect.com/science/article/pii/S0017931004002947},
author = {Asghar Esmaeeli and Grétar Tryggvason},
keywords = {Film boiling, Front tracking, Liquid/vapor phase change, Direct numerical simulation}
}


@article{wang2014three,
  title={A three-dimensional phase field model for nanowire growth by the vapor--liquid--solid mechanism},
  author={Wang, Yanming and Ryu, Seunghwa and McIntyre, Paul C and Cai, Wei},
  journal={Modelling and Simulation in Materials Science and Engineering},
  volume={22},
  number={5},
  pages={055005},
  year={2014},
  publisher={IOP Publishing}
}

@article{afkhami2009mesh,
  title={A mesh-dependent model for applying dynamic contact angles to VOF simulations},
  author={Afkhami, S and Zaleski, Stephane and Bussmann, M},
  journal={Journal of Computational Physics},
  volume={228},
  number={15},
  pages={5370--5389},
  year={2009},
  publisher={Elsevier}
}

@article{afkhami2008height,
  title={Height functions for applying contact angles to 2D VOF simulations},
  author={Afkhami, S and Bussmann, M},
  journal={International Journal for Numerical Methods in Fluids},
  volume={57},
  number={4},
  pages={453--472},
  year={2008},
  publisher={Wiley Online Library}
}

@ARTICLE{SusPuc00,
 author={M. Sussman and E.G. Puckett},
 title={A Coupled Level Set and Volume of Fluid Method for computing
   {3D} and axisymmetric Incompressible two-phase flows},
 journal={J. Comp. Phys.},
 volume={162},
 pages={301-337},
 year={2000}
}

@ARTICLE{SusSmiHusOhtWei07,
 author={M. Sussman and K.M. Smith and M.Y. Hussaini and M. Ohta and
   R. Zhi-Wei},
 title={A sharp interface method for incompressible two-phase flows},
 journal={J. Comp. Phys.},
 volume={221(2)},
 pages={469-505},
 year={2007}
}


@article{Ma2013552,

title = "Numerical modeling of thermocapillary two-phase flows with evaporation using a two-scalar approach for heat transfer ",

journal = "Journal of Computational Physics ",

volume = "233",

number = "0",

pages = "552 - 573",

year = "2013",

note = "",

issn = "0021-9991",

doi = "http://dx.doi.org/10.1016/j.jcp.2012.09.011",

url = "http://www.sciencedirect.com/science/article/pii/S0021999112005426",

author = "C. Ma and D. Bothe",

keywords = "Volume of Fluid method",

keywords = "Thermocapillary flow",

keywords = "Two-scalar temperature field",

keywords = "Evaporation "

}

@article{Schlottke20085215,

title = "Direct numerical simulation of evaporating droplets ",

journal = "Journal of Computational Physics ",

volume = "227",

number = "10",

pages = "5215 - 5237",

year = "2008",

note = "",

issn = "0021-9991",

doi = "http://dx.doi.org/10.1016/j.jcp.2008.01.042",

url = "http://www.sciencedirect.com/science/article/pii/S0021999108000740",

author = "Jan Schlottke and Bernhard Weigand",

keywords = "VOF",

keywords = "Evaporation",

keywords = "DNS",

keywords = "Stefan flow",

keywords = "Deformed droplets",

keywords = "Multiphase flow "

}

@article{McGurn2013364,

title = "An Eulerian-Lagrangian moving immersed interface method for simulating burning solids ",

journal = "Journal of Computational Physics ",

volume = "241",

number = "0",

pages = "364 - 387",

year = "2013",

note = "",

issn = "0021-9991",

doi = "http://dx.doi.org/10.1016/j.jcp.2013.01.045",

url = "http://www.sciencedirect.com/science/article/pii/S0021999113000983",

author = "M.T. McGurn and K.P. Ruggirello and P.E. DesJardin",

keywords = "Burning solids",

keywords = "Fluid–structure",

keywords = "Ghost–fluid ",

abstract = "This study concerns the development of a numerical methodology to conduct conjugate heat and mass transfer simulations of burning and moving solids. The flow is described using an Eulerian representation and the solid described using a Lagrangian finite element (FE) method. The fluid–solid interface is defined using a level set function that is initialized by a surface mesh representation that balances accuracy with the computational cost of re-initializing moving interfaces. A ghost–fluid methodology is implemented that results in low errors in mass and energy conservation. Mass transfer from solid ablation is computed explicitly using surface integration over the solid surface mesh to guarantee enforcement of conservation principles. The introduced methodologies are applied to the study of the burning of carbon-epoxy composites. "

}

@article{Tanguy2007837,
title = "A Level Set Method for vaporizing two-phase flows ",
journal = "Journal of Computational Physics ",
volume = "221",
number = "2",
pages = "837 - 853",
year = "2007",
note = "",
issn = "0021-9991",
doi = "http://dx.doi.org/10.1016/j.jcp.2006.07.003",
url = "http://www.sciencedirect.com/science/article/pii/S0021999106003214",
author = "Sébastien Tanguy and Thibaut Menard and Alain Berlemont",
keywords = "Level Set",
keywords = "Ghost Fluid Method",
keywords = "Two-phase flows",
keywords = "Reactive interface",
keywords = "Vaporization",
keywords = "Phase change",
keywords = "Jump conditions "

}

@article{sousa2013numerical,
  title={Numerical Solution of a Model for Turbulent Diffusion},
  author={Sousa, Ercilia},
  journal={International Journal of Bifurcation and Chaos},
  volume={23},
  number={10},
  year={2013},
  publisher={World Scientific}
}

@article{meilanov2011research,
  title={A research note on a solution of Stefan problem with fractional time and space derivatives},
  author={Meilanov, Ruslan and Shabanova, Muminat and Akhmedov, Enver},
  journal={International Review of Chemical Engineering},
  volume={3},
  number={6},
  pages={810--813},
  year={2011},
  publisher={Praise Worthy Prize, FEDERICO II University 21 Claudio Naples I 80125 Italy}
}

@article{pagnini2011nonlinear,
  title={Nonlinear time-fractional differential equations in combustion science},
  author={Pagnini, Gianni},
  journal={Fractional Calculus and Applied Analysis},
  volume={14},
  number={1},
  pages={80--93},
  year={2011},
  publisher={Springer}
}

@article{koo2012modelling,
  title={Modelling firebrand transport in wildfires using HIGRAD/FIRETEC},
  author={Koo, Eunmo and Linn, Rodman R and Pagni, Patrick J and Edminster, Carleton B},
  journal={International Journal of Wildland Fire},
  volume={21},
  number={4},
  pages={396--417},
  year={2012},
  publisher={CSIRO}
}

@article{pagnini2011evolution,
  title={The evolution equation for the radius of a premixed flame ball in fractional diffusive media},
  author={Pagnini, G},
  journal={The European Physical Journal-Special Topics},
  volume={193},
  number={1},
  pages={105--117},
  year={2011},
  publisher={Springer}
}

@article{kholpanov2003neumann,
  title={Neumann--Lame--Clapeyron--Stefan Problem and Its Solution Using Fractional Differential-Integral Calculus},
  author={Kholpanov, LP and Zakiev, SE and Fedotov, VA},
  journal={Theoretical Foundations of Chemical Engineering},
  volume={37},
  number={2},
  pages={113--121},
  year={2003},
  publisher={Springer}
}

@article{rida2010solutions,
  title={On the solutions of time-fractional reaction--diffusion equations},
  author={Rida, SZ and El-Sayed, AMA and Arafa, AAM},
  journal={Communications in Nonlinear Science and Numerical Simulation},
  volume={15},
  number={12},
  pages={3847--3854},
  year={2010},
  publisher={Elsevier}
}

@article{gassner2009polymorphic,
  title={Polymorphic nodal elements and their application in discontinuous Galerkin methods},
  author={Gassner, Gregor J and L{\"o}rcher, Frieder and Munz, Claus-Dieter and Hesthaven, Jan S},
  journal={Journal of Computational Physics},
  volume={228},
  number={5},
  pages={1573--1590},
  year={2009},
  publisher={Elsevier}
}

@article{birken2013preconditioning,
  title={Preconditioning for modal discontinuous Galerkin methods for unsteady 3D Navier--Stokes equations},
  author={Birken, Philipp and Gassner, Gregor and Haas, Mark and Munz, Claus-Dieter},
  journal={Journal of Computational Physics},
  volume={240},
  pages={20--35},
  year={2013},
  publisher={Elsevier}
}


@inproceedings{RenBecLij00,
   author={C.A. Rendleman and V.E. Beckner and M.J. Lijewski},
   title={Parallelization of an adaptive mesh refinement method for
    incompressible fluid flows},
   booktitle={International parallel and distributed processing symposium},
   year={2000} }


@inproceedings{BelDayAlmLijRen01,
   author={J. Bell and M. Day and A. Almgren and M. Lijewski and
     C. Rendleman},
   title={Adaptive numerical simulation of turbulent premixed combustion},
   booktitle={Proceedings of the ICFD conference on numerical methods
    for fluid dynamics},
   year={2001},
   month={March 26-292},
   note={University of Oxford}    }


@article{deng2013local,
  title={Local discontinuous Galerkin methods for fractional diffusion equations},
  author={Deng, WH and Hesthaven, Jan S},
  journal={ESAIM: Mathematical Modelling and Numerical Analysis},
  volume={47},
  number={06},
  pages={1845--1864},
  year={2013},
  publisher={Cambridge Univ Press}
}

@article{qiu2014nodal,
  title={Nodal discontinuous Galerkin methods for fractional diffusion equations on 2D domain with triangular meshes},
  author={Qiu, Liangliang and Deng, Weihua and Hesthaven, Jan},
  journal={arXiv preprint arXiv:1410.0796},
  year={2014}
}

@article{zayernouri2014fractional,
  title={Fractional spectral collocation methods for linear and nonlinear variable order FPDEs},
  author={Zayernouri, Mohsen and Karniadakis, George Em},
  journal={Journal of Computational Physics},
  year={2014},
  publisher={Elsevier}
}

@article{zayernouri2014discontinuous,
  title={Discontinuous spectral element methods for time-and space-fractional advection equations},
  author={Zayernouri, Mohsen and Karniadakis, George Em},
  journal={SIAM Journal on Scientific Computing},
  volume={36},
  number={4},
  pages={B684--B707},
  year={2014},
  publisher={SIAM}
}

@article{zayernouri2014spectral,
  title={Spectral and Discontinuous Spectral Element Methods for Fractional Delay Equations},
  author={Zayernouri, Mohsen and Cao, Wanrong and Zhang, Zhongqiang and Karniadakis, George Em},
  journal={SIAM Journal on Scientific Computing},
  volume={36},
  number={6},
  pages={B904--B929},
  year={2014},
  publisher={SIAM}
}

@article{linn2005numerical,
  title={Numerical simulations of grass fires using a coupled atmosphere--fire model: basic fire behavior and dependence on wind speed},
  author={Linn, Rodman R and Cunningham, Philip},
  journal={Journal of Geophysical Research: Atmospheres (1984--2012)},
  volume={110},
  number={D13},
  year={2005},
  publisher={Wiley Online Library}
}

@article{cunningham2007numerical,
  title={Numerical simulations of grass fires using a coupled atmosphere-fire model: Dynamics of fire spread},
  author={Cunningham, Philip and Linn, Rodman R},
  journal={Journal of Geophysical Research: Atmospheres (1984--2012)},
  volume={112},
  number={D5},
  year={2007},
  publisher={Wiley Online Library}
}

@article{rothermel1972mathematical,
  title={A mathematical model for predicting fire spread in wildland fuels},
  author={R. C. Rothermel},
  journal={Res. Pap. INT-115, 40 pp.},
  year={1972},
  publisher={U.S. Dep. of Agric. For. Serv., Ogden, Utah }
}

@article{cheney1993influence,
  title={The influence of fuel, weather and fire shape variables on fire-spread in grasslands},
  author={Cheney, NP and Gould, JS and Catchpole, WR},
  journal={International Journal of Wildland Fire},
  volume={3},
  number={1},
  pages={31--44},
  year={1993},
  publisher={CSIRO}
}

@article{cheney1998prediction,
  title={Prediction of fire spread in grasslands},
  author={Cheney, NP and Gould, JS and Catchpole, Wr R},
  journal={International Journal of Wildland Fire},
  volume={8},
  number={1},
  pages={1--13},
  year={1998},
  publisher={CSIRO}
}

@article{linn2012incorporating,
  title={Incorporating field wind data into FIRETEC simulations of the International Crown Fire Modeling Experiment (ICFME): preliminary lessons learned},
  author={Linn, Rodman and Anderson, Kerry and Winterkamp, Judith and Brooks, Alyssa and Wotton, Michael and Dupuy, Jean-Luc and Pimont, Fran{\c{c}}ois and Edminster, Carleton},
  journal={Canadian Journal of Forest Research},
  volume={42},
  number={5},
  pages={879--898},
  year={2012},
  publisher={NRC Research Press}
}

@article{Finney2002,
  title={Fire growth using minimum travel time methods.},
  author={M.A. Finney},
  journal={Canadian Journal of Forest Research},
  volume={32},
  pages={1420-1424},
  year={2002}
}

@inproceedings{finney2006overview,
  title={An overview of FlamMap fire modeling capabilities},
  author={Finney, Mark A},
  booktitle={Fuels management—how to measure success: conference proceedings},
  pages={28--30},
  year={2006},
  organization={USDA Forest Service, Rocky Mountain Research Station, Fort Collins, CO}
}

@article{finney2011method,
  title={A method for ensemble wildland fire simulation},
  author={Finney, Mark A and Grenfell, Isaac C and McHugh, Charles W and Seli, Robert C and Trethewey, Diane and Stratton, Richard D and Brittain, Stuart},
  journal={Environmental Modeling \& Assessment},
  volume={16},
  number={2},
  pages={153--167},
  year={2011},
  publisher={Springer}
}

@misc{cruz2002definition,
  title={Definition of a fire behavior model evaluation protocol: a case study application to crown fire behavior models},
  author={Cruz, Miguel G and Alexander, Martin E and Wakimoto, Ronald H and Omi, Philip N and Joyce, Linda A},
  journal={FIRE, FUEL TREATMENTS, AND ECOLOGICAL RESTORATION.[vp]. 16-18 Apr},
  year={2002},
  publisher={USDA Forest Service Rocky Mountain Research Station, 2150 Centre Avenue Fort Collins CO 80526 USA,}
}

@techreport{PrichardOttmar2013,
   author={S. Prichard and R. Ottmar},
   title={State of Fire Behavior Models and their Application to 
     Ecosystem and Smoke Management Issues;
     Special Session Summary Report},
   institution={Smoke Symposium, International Association of 
    Wildland Fire, College Park, Maryland. October 24, 2013},
   year={2013},
   type={Technical Report} }


@article{LiuETAL2015,
  title={Parametric Uncertainty Quantification in the Rothermel 
   Model with Randomized Quasi-Monte Carlo Methods},
  author={Y. Liu and E. Jimenez and M.Y. Hussaini and G. Okten and 
    S. Goodrick},
  journal={International Journal of Wildland Fire},
  volume={24(3)},
  pages={307-316},
  year={2015}
}

@article{lasseigne1993interaction,
  title={Interaction of disturbances with an oblique detonation wave attached to a wedge},
  author={Lasseigne, D Glenn and Hussaini, M Yousuff},
  journal={Physics of Fluids A: Fluid Dynamics (1989-1993)},
  volume={5},
  number={4},
  pages={1047--1058},
  year={1993},
  publisher={AIP Publishing}
}

@article{jackson1993interaction,
  title={Interaction of turbulence with a detonation wave},
  author={Jackson, TL and Hussaini, MY and Ribner, HS},
  journal={Physics of Fluids A: Fluid Dynamics (1989-1993)},
  volume={5},
  number={3},
  pages={745--749},
  year={1993},
  publisher={AIP Publishing}
}

@article{macaraeg1993ignition,
  title={Ignition and structure of a laminar diffusion flame in the field of a vortex},
  author={Macaraeg, Michele G and Jackson, TL and Hussaini, M Yousuff},
  journal={Combustion science and technology},
  volume={87},
  number={1-6},
  pages={363--387},
  year={1993},
  publisher={Taylor \& Francis}
}

@article{macaraeg1994ignition,
  title={Ignition dynamics of a laminar diffusion flame in the field of a vortex embedded in a shear flow},
  author={Macaraeg, Michele G and Jackson, Thomas Luther and Hussaini, M Yousuff},
  journal={Combustion science and technology},
  volume={102},
  number={1-6},
  pages={231--253},
  year={1994},
  publisher={Taylor \& Francis}
}

@article{lasseigne1991nonlinear,
  title={Nonlinear interaction of a detonation/vorticity wave},
  author={Lasseigne, David Glenn and Jackson, Thomas Luther and Hussaini, M Yousuff},
  journal={Physics of Fluids A: Fluid Dynamics (1989-1993)},
  volume={3},
  number={8},
  pages={1972--1979},
  year={1991},
  publisher={AIP Publishing}
}

@article{voller2013fractional,
  title={Fractional Stefan problems exhibiting lumped and distributed latent-heat memory effects},
  author={Voller, Vaughan R and Falcini, Federico and Garra, Roberto},
  journal={Physical Review E},
  volume={87},
  number={4},
  pages={042401},
  year={2013},
  publisher={APS}
}

@article{adaptive_peridynamics,
  author={Florin Bobaru and Youn Doh Ha},
  journal={Journal for multiscale computational engineering},
  volume={9(6)}, 
  pages={635-659},
  year={2011} }

@article{tupek2013approach,
  title={An approach for incorporating classical continuum damage models in state-based peridynamics},
  author={Tupek, MR and Rimoli, JJ and Radovitzky, R},
  journal={Computer Methods in Applied Mechanics and Engineering},
  volume={263},
  pages={20--26},
  year={2013},
  publisher={Elsevier}
}

@article{yu2001some,
  title={Some fractal characters of porous media},
  author={Yu, Boming and Li, Jianhua},
  journal={Fractals},
  volume={9},
  number={03},
  pages={365--372},
  year={2001},
  publisher={World Scientific}
}

@article{fractionalTurbulence2006,
   author = "Chen, Wen",
   title = "A speculative study of 2∕3-order fractional Laplacian modeling of turbulence: Some thoughts and conjectures",
   journal = "Chaos: An Interdisciplinary Journal of Nonlinear Science",
   year = "2006",
   volume = "16",
   number = "2", 
   eid = 023126,
   pages = "-",
   url = "http://scitation.aip.org/content/aip/journal/chaos/16/2/10.1063/1.2208452",
   doi = "http://dx.doi.org/10.1063/1.2208452" 
}

@article{mayer2002multicomponent,
  title={Multicomponent reactive transport modeling in variably saturated porous media using a generalized formulation for kinetically controlled reactions},
  author={Mayer, K Ulrich and Frind, Emil O and Blowes, David W},
  journal={Water Resources Research},
  volume={38},
  number={9},
  pages={13--1},
  year={2002},
  publisher={Wiley Online Library}
}

@article{liu2004numerical,
  title={Numerical simulation for solute transport in fractal porous media},
  author={Liu, Fawang and Anh, Vo and Turner, Ian and Zhuang, Pinghui},
  journal={ANZIAM Journal},
  volume={45},
  pages={C461--C473},
  year={2004}
}

@article{benson2000application,
  title={Application of a fractional advection-dispersion equation},
  author={Benson, David A and Wheatcraft, Stephen W and Meerschaert, Mark M},
  journal={Water Resources Research},
  volume={36},
  number={6},
  pages={1403--1412},
  year={2000},
  publisher={Wiley Online Library}
}

@article{frankman2013measurements,
  title={Measurements of convective and radiative heating in wildland fires},
  author={Frankman, David and Webb, Brent W and Butler, Bret W and Jimenez, Daniel and Forthofer, Jason M and Sopko, Paul and Shannon, Kyle S and Hiers, J Kevin and Ottmar, Roger D},
  journal={International Journal of Wildland Fire},
  volume={22},
  number={2},
  pages={157--167},
  year={2013},
  publisher={CSIRO}
}

@article{frankman2013effect,
  title={The effect of sampling rate on interpretation of the temporal characteristics of radiative and convective heating in wildland flames},
  author={Frankman, David and Webb, Brent W and Butler, Bret W and Jimenez, Daniel and Harrington, Michael},
  journal={International journal of wildland fire},
  volume={22},
  number={2},
  pages={168--173},
  year={2013},
  publisher={CSIRO}
}

@article{cheng2009uniqueness,
  title={Uniqueness in an inverse problem for a one-dimensional fractional diffusion equation},
  author={Cheng, Jin and Nakagawa, Junichi and Yamamoto, Masahiro and Yamazaki, Tomohiro},
  journal={Inverse problems},
  volume={25},
  number={11},
  pages={115002},
  year={2009},
  publisher={IOP Publishing}
}

@article{wilkinson2005caustics,
  title={Caustics in turbulent aerosols},
  author={Wilkinson, M and Mehlig, Bernhard},
  journal={EPL (Europhysics Letters)},
  volume={71},
  number={2},
  pages={186},
  year={2005},
  publisher={IOP Publishing}
}

@article{RevModPhys.73.913,
  title = {Particles and fields in fluid turbulence},
  author = {Falkovich, G. and Gaw\ifmmode \mbox{\c{e}}\else \c{e}\fi{}dzki, K. and Vergassola, M.},
  journal = {Rev. Mod. Phys.},
  volume = {73},
  issue = {4},
  pages = {913--975},
  numpages = {0},
  year = {2001},
  month = {Nov},
  publisher = {American Physical Society},
  doi = {10.1103/RevModPhys.73.913},
  url = {http://link.aps.org/doi/10.1103/RevModPhys.73.913}
}

@article{thompson2014estimating,
  title={Estimating the heat transfer to an organic soil surface during crown fire},
  author={Thompson, DK and Wotton, BM and Waddington, JM},
  journal={International Journal of Wildland Fire},
  year={2014},
  publisher={CSIRO}
}

@article{michaletz2006heat,
  title={A heat transfer model of crown scorch in forest fires},
  author={Michaletz, ST and Johnson, EA},
  journal={Canadian Journal of Forest Research},
  volume={36},
  number={11},
  pages={2839--2851},
  year={2006},
  publisher={NRC Research Press}
}

@article{StocksETAL2004,
author = {B J Stocks and M E Alexander and R A Lanoville},
title = {Overview of the International Crown Fire Modelling Experiment (ICFME)},
journal = {Canadian Journal of Forest Research},
volume = {34},
number = {8},
pages = {1543-1547},
year = {2004},
doi = {10.1139/x04-905} }

@article{alexander2013applications,
  title={Are the applications of wildland fire behaviour models getting ahead of their evaluation again?},
  author={Alexander, Martin E and Cruz, Miguel G},
  journal={Environmental Modelling \& Software},
  volume={41},
  pages={65--71},
  year={2013},
  publisher={Elsevier}
}

@article{stocks2004crown,
  title={Crown fire behaviour in a northern jack pine black spruce forest},
  author={Stocks, BJ and Alexander, ME and Wotton, BM and Stefner, CN and Flannigan, MD and Taylor, SW and Lavoie, N and Mason, JA and Hartley, GR and Maffey, ME },
  journal={Canadian Journal of Forest Research},
  volume={34},
  number={8},
  pages={1548--1560},
  year={2004},
  publisher={NRC Research Press}
}

@article{pimont2011impacts,
  title={Impacts of tree canopy structure on wind flows and fire propagation simulated with FIRETEC},
  author={Pimont, Fran{\c{c}}ois and Dupuy, Jean-Luc and Linn, Rodman R and Dupont, Sylvain},
  journal={Annals of Forest Science},
  volume={68},
  number={3},
  pages={523--530},
  year={2011},
  publisher={Springer}
}

@article{hoffman2012numerical,
  title={Numerical simulation of crown fire hazard immediately after bark beetle-caused mortality in lodgepole pine forests},
  author={Hoffman, Chad and Morgan, Penelope and Mell, William and Parsons, Russell and Strand, Eva K and Cook, Stephen},
  journal={Forest Science},
  volume={58},
  number={2},
  pages={178--188},
  year={2012},
  publisher={Society of American Foresters}
}


@Article{nhessd-2-3769-2014,
AUTHOR = {Rochoux, M. C. and Emery, C. and Ricci, S. and Cuenot, B. and Trouv\'e, A.},
TITLE = {Towards predictive data-driven simulations of wildfire spread; Part 2: Ensemble Kalman Filter for the state estimation of a front-tracking simulator of wildfire spread},
JOURNAL = {Natural Hazards and Earth System Sciences Discussions},
VOLUME = {2},
YEAR = {2014},
NUMBER = {5},
PAGES = {3769--3820},
URL = {http://www.nat-hazards-earth-syst-sci-discuss.net/2/3769/2014/},
DOI = {10.5194/nhessd-2-3769-2014}
}

@article{dupuy2005numerical,
  title={Numerical study of a crown fire spreading toward a fuel break using a multiphase physical model},
  author={Dupuy, Jean-Luc and Morvan, Dominique},
  journal={International Journal of Wildland Fire},
  volume={14},
  number={2},
  pages={141--151},
  year={2005},
  publisher={CSIRO}
}

@article{pimont2009validation,
  title={Validation of FIRETEC wind-flows over a canopy and a fuel-break},
  author={Pimont, Fran{\c{c}}ois and Dupuy, Jean-Luc and Linn, Rodman R and Dupont, Sylvain},
  journal={International Journal of Wildland Fire},
  volume={18},
  number={7},
  pages={775--790},
  year={2009},
  publisher={CSIRO}
}

@article{ogle1998fire,
  title={Fire patterns on upholstered furniture: Smoldering versus flaming combustion},
  author={Ogle, RA and Schumacher, JL},
  journal={Fire Technology},
  volume={34},
  number={3},
  pages={247--265},
  year={1998},
  publisher={Springer}
}

@book{park2008study,
  title={A study of pyrolysis of charring materials and its application to fire safety and biomass utilization},
  author={Park, Won Chan},
  year={2008},
  publisher={ProQuest}
}

@article{hogge1982one,
  title={One-dimensional finite element analysis of thermal ablation with pyrolysis},
  author={Hogge, M and Gerrekens, P},
  journal={Computer Methods in Applied Mechanics and Engineering},
  volume={33},
  number={1},
  pages={609--634},
  year={1982},
  publisher={Elsevier}
}

@article{lachaud2008multiscale,
  title={Multiscale Modeling of Ablation and Pyrolysis in PICA-Like materials},
  author={Lachaud, Jean and Mansour, Nagi N},
  year={2008}
}

@article{merriman2012progress,
  title={Progress in Ion Torrent semiconductor chip based sequencing},
  author={Merriman, Barry and Team, R\&D and Torrent, Ion and Rothberg, Jonathan M},
  journal={Electrophoresis},
  volume={33},
  number={23},
  pages={3397--3417},
  year={2012},
  publisher={Wiley Online Library}
}

@article{macdonald2013simple,
  title={Simple computation of reaction--diffusion processes on point clouds},
  author={Macdonald, Colin B and Merriman, Barry and Ruuth, Steven J},
  journal={PNAS},
  volume={110},
  number={23},
  pages={9209--9214},
  year={2013}
}

@incollection{javierre2006level,
  title={The level set method for solid-solid phase transformations},
  author={Javierre, E and Vuik, C and Vermolen, F and Segal, A and Van Der Zwaag, S},
  booktitle={Numerical Mathematics and Advanced Applications},
  pages={712--719},
  year={2006},
  publisher={Springer}
}

@article{yin2014simulation,
  title={Simulation of an innovative reactor for waste plastics pyrolysis},
  author={Yin, LJ and Chen, DZ and Wang, H and Ma, XB and Zhou, GM},
  journal={Chemical Engineering Journal},
  volume={237},
  pages={229--235},
  year={2014},
  publisher={Elsevier}
}
@inproceedings{wasan2007application,
  title={Application of the Enthalpy Model to Numerical One-Dimensional Simulations of Pyrolysis of Charring Materials},
  author={Wasan, Shivanand R and Merci, Bart and Vierendeels, Jan and Rauwoens, Pieter},
  booktitle={Proceedings of the European Combustion Meeting},
  pages={11--1},
  year={2007}
}

@article{pernach2014numerical,
  title={NUMERICAL MODELING OF PHASE TRANSFORMATION IN DUAL PHASE (DP) STEEL AFTER HOT ROLLING AND LAMINAR COOLING},
  author={Pernach, Monika and Bzowski, Krzysztof and Pietrzyk, Maciej},
  journal={International Journal for Multiscale Computational Engineering},
  volume={12},
  number={5},
  year={2014},
  publisher={Begel House Inc.}
}

@article{marsi2014numerical,
  title={Numerical Simulation of the Thermal Degradation of Biomass--Approaches and Simplifications},
  author={Marsi, Istv{\'a}n},
  journal={Transformation of Biomass: Theory to Practice},
  pages={285--303},
  year={2014},
  publisher={Wiley Online Library}
}

@phdthesis{long2014pyrolysis,
  title={Pyrolysis and Combustion Processes of Combustible Materials under External Heat Flux},
  author={LONG, SHI},
  year={2014}
}

@article{kwiatkowski2014pyrolysis,
  title={Pyrolysis and gasification of a thermally thick wood particle--Effect of fragmentation},
  author={Kwiatkowski, Kamil and Bajer, Konrad and Celi{\'n}ska, Agnieszka and Dudy{\'n}ski, Marek and Korotko, Jakub and Sosnowska, Marta},
  journal={Fuel},
  volume={132},
  pages={125--134},
  year={2014},
  publisher={Elsevier}
}

@article{xiong2014biotc,
  title={BIOTC: an open-source CFD code for simulating biomass fast pyrolysis},
  author={Xiong, Qingang and Aramideh, Soroush and Passalacqua, Alberto and Kong, Song-Charng},
  journal={Computer Physics Communications},
  volume={185},
  number={6},
  pages={1739--1746},
  year={2014},
  publisher={Elsevier}
}

@article{fatehi2014comprehensive,
  title={A Comprehensive Mathematical Model for Biomass Combustion},
  author={Fatehi, Hesameddin and Bai, Xue-Song},
  journal={Combustion Science and Technology},
  volume={186},
  number={4-5},
  pages={574--593},
  year={2014},
  publisher={Taylor \& Francis}
}
@article{peters2003drying,
  title={Drying and pyrolysis of wood particles: experiments and simulation},
  author={Peters, Bernhard and Bruch, Christian},
  journal={Journal of Analytical and Applied Pyrolysis},
  volume={70},
  number={2},
  pages={233--250},
  year={2003},
  publisher={Elsevier}
}
@article{di2008modeling,
  title={Modeling chemical and physical processes of wood and biomass pyrolysis},
  author={Di Blasi, Colomba},
  journal={Progress in Energy and Combustion Science},
  volume={34},
  number={1},
  pages={47--90},
  year={2008},
  publisher={Elsevier}
}

@article{kong2007modeling,
  title={Modeling diesel spray flame liftoff, sooting tendency, and NOx emissions using detailed chemistry with phenomenological soot model},
  author={Kong, Song-Charng and Sun, Yong and Rietz, Rolf D},
  journal={Journal of Engineering for Gas Turbines and Power},
  volume={129},
  number={1},
  pages={245--251},
  year={2007},
  publisher={American Society of Mechanical Engineers}
}


@article{Aldushin2006579,

title = "On the transition from smoldering to flaming ",

journal = "Combustion and Flame ",

volume = "145",

number = "3",

pages = "579 - 606",

year = "2006",

note = "",

issn = "0010-2180",

doi = "http://dx.doi.org/10.1016/j.combustflame.2005.12.009",

url = "http://www.sciencedirect.com/science/article/pii/S0010218006000071",

author = "A.P. Aldushin and A. Bayliss and B.J. Matkowsky",

keywords = "Smoldering",

keywords = "Flaming",

keywords = "Transition ",


}

@article{PB1949,
  jstor_articletype = {research-article},
  title = {The Ecological Role of Prescribed Burns in the Pine-Oak Forests of Southern New Jersey},
  author = {Little, S. and Moore, E. B.},
  journal = {Ecology},
  jstor_issuetitle = {},
  volume = {30},
  number = {2},
  jstor_formatteddate = {Apr., 1949},
  pages = {pp. 223-233},
  url = {http://www.jstor.org/stable/1931188},
  ISSN = {00129658},
  abstract = {},
  language = {English},
  year = {1949},
  publisher = {Ecological Society of America},
  copyright = {Copyright © 1949 Ecological Society of America},
 }

@article{fernandes2003review,
  title={A review of prescribed burning effectiveness in fire hazard reduction},
  author={Fernandes, Paulo M and Botelho, Herm{\'\i}nio S},
  journal={International Journal of wildland fire},
  volume={12},
  number={2},
  pages={117--128},
  year={2003},
  publisher={CSIRO}
}

@article{lamorlette2012characterization,
  title={Characterization of heat transfer between phases inside a porous medium as applied to vegetal set representations},
  author={Lamorlette, A and Collin, A and S{\'e}ro-Guillaume, O},
  journal={International Journal of Heat and Mass Transfer},
  volume={55},
  number={4},
  pages={607--617},
  year={2012},
  publisher={Elsevier}
}

@article{rothermel1991predicting,
  title={Predicting behavior and size of crown fires in the Northern Rocky Mountains},
  author={Rothermel, Richard C},
  year={1991}
}

@article{wotton2012flame,
  title={Flame temperature and residence time of fires in dry eucalypt forest},
  author={Wotton, B Mike and Gould, James S and McCaw, W Lachlan and Cheney, N Phillip and Taylor, Stephen W},
  journal={International Journal of Wildland Fire},
  volume={21},
  number={3},
  pages={270--281},
  year={2012},
  publisher={CSIRO}
}

@article{mondal2014fire,
  title={Fire and soil temperatures during controlled burns in seasonally dry tropical forests of southern India},
  author={Mondal, Nandita and Sukumar, Raman},
  journal={CURRENT SCIENCE},
  volume={107},
  number={9},
  pages={1590--1594},
  year={2014},
  publisher={INDIAN ACAD SCIENCES}
}

@article{johnstoninfra,
  title={Infra-Red Satellite Data Simulation and Assimilation Using Prometheus},
  author={Johnston, Joshua}
}

@book{tymstra2010development,
  title={Development and structure of Prometheus: the Canadian wildland fire growth simulation Model},
  author={Tymstra, Cordy and Bryce, RW and Wotton, BM and Armitage, OB},
  volume={417},
  year={2010},
  publisher={Northern Forestry Centre}
}

%The coexistence
%of regions of turbulent flow (plume, burning zone)
%and of laminar flow (near the ground) strongly conditioned
%the choice of turbulence modeling.
@article{morvan2004modeling,
  title={Modeling the propagation of a wildfire through a Mediterranean shrub using a multiphase formulation},
  author={Morvan, D and Dupuy, JL},
  journal={Combustion and flame},
  volume={138},
  number={3},
  pages={199--210},
  year={2004},
  publisher={Elsevier}
}

%% thermomechanical accelerating fire fronts
%% VOC (volatile organic compounds) accumulate.  Plants emit them
%% even befor pyrolysis takes place.
@article{courty2012pinus,
  title={Pinus pinea emissions and combustion characteristics of limonene potentially involved in accelerating forest fires},
  author={Courty, L{\'e}o and Chetehouna, Khaled and Lem{\'e}e, Laurent and Mouna{\"\i}m-Rousselle, Christine and Halter, Fabien and Garo, Jean-Pierre},
  journal={International Journal of Thermal Sciences},
  volume={57},
  pages={92--97},
  year={2012},
  publisher={Elsevier}
}

@article{rudz2011metrological,
  title={Metrological Tool for the Characterization of Flame Fronts Based on the Coupling of a Heat Flux Approach with Image Processing Data},
  author={Rudz, Steve and Chetehouna, Khaled and S{\'e}ro-Guillaume, Olivier},
  journal={Fire technology},
  volume={47},
  number={2},
  pages={491--505},
  year={2011},
  publisher={Springer}
}

@article{viegas2011eruptive,
  title={Eruptive behaviour of forest fires},
  author={Viegas, DX and Simeoni, A},
  journal={Fire technology},
  volume={47},
  number={2},
  pages={303--320},
  year={2011},
  publisher={Springer}
}

@inproceedings{chatelon2011importance,
  title={The importance of fire front width in the anticipation of eruptive fires},
  author={Chatelon, Fran{\c{c}}ois-Joseph and Balbi, Jacques-Henri and Rossi, Jean-Louis and Filippi, Jean Baptiste and Marcelli, Thierry and Rossa, Carlos and Viegas, DX},
  booktitle={Proceedings of the 7 th Mediterranean Combustion Symposium, Sardaigne, Italie},
  year={2011}
}

@article{lee2005gaseous,
  title={Gaseous and particulate emissions from prescribed burning in Georgia},
  author={Lee, Sangil and Baumann, Karsten and Schauer, James J and Sheesley, Rebecca J and Naeher, Luke P and Meinardi, Simone and Blake, Donald R and Edgerton, Eric S and Russell, Armistead G and Clements, Mark},
  journal={Environmental science \& technology},
  volume={39},
  number={23},
  pages={9049--9056},
  year={2005},
  publisher={ACS Publications}
}

@article{mandel2009data,
  title={Data assimilation for wildland fires},
  author={Mandel, Jan and Beezley, Jonathan D and Coen, Janice L and Kim, Minjeong},
  journal={Control Systems, IEEE},
  volume={29},
  number={3},
  pages={47--65},
  year={2009},
  publisher={IEEE}
}

@article{Srivas2016897,
title = "Wildfire Spread Prediction and Assimilation 
 for FARSITE Using Ensemble Kalman Filtering ",
journal = "Procedia Computer Science ",
volume = "80",
number = "",
pages = "897 - 908",
year = "2016",
note = "International Conference on Computational Science 2016, 
 ICCS 2016, 6-8 June 2016, San Diego, California, USA ",
issn = "1877-0509",
doi = "http://dx.doi.org/10.1016/j.procs.2016.05.328",
url = "http://www.sciencedirect.com/science/article/pii/S187705091630727X",
author = "Thayjes Srivas and Tomas Artes and Raymond de Callafon and Ilkay Altintas",
keywords = "Wildfire",
keywords = "Data Assimilation",
keywords = "FARSITE",
keywords = "Ensemble Kalman Filter "
}


@article{xue2012data,
  title={Data assimilation using sequential Monte Carlo methods in wildfire spread simulation},
  author={Xue, Haidong and Gu, Feng and Hu, Xiaolin},
  journal={ACM Transactions on Modeling and Computer Simulation (TOMACS)},
  volume={22},
  number={4},
  pages={23},
  year={2012},
  publisher={ACM}
}

@article{le2015toward,
  title={Toward the assimilation of images},
  author={Le Dimet, F-X and Souopgui, Innocent and 
   Titaud, Olivier and Shutyaev, Victor and Hussaini, M Youssuf},
  journal={Nonlinear Processes in Geophysics},
  volume={22},
  pages={15--32},
  year={2015}
}

@article{li2015incompressible,
  title={Incompressible multiphase flow and encapsulation simulations using the moment-of-fluid method},
  author={Li, Guibo and Lian, Yongsheng and Guo, Yisen and Jemison, Matthew and Sussman, Mark and Helms, Trevor and Arienti, Marco},
  journal={International Journal for Numerical Methods in Fluids},
  volume={79},
  number={9},
  pages={456--490},
  year={2015},
  publisher={Wiley Online Library}
}

@inproceedings{vahab2016adaptive,
  title={An adaptive coupled level set and moment-of-fluid method for simulating droplet impact and solidification on solid surfaces with application to aircraft icing},
  author={Vahab, Mehdi and Pei, Chaoxu and Hussaini, M Yousuff and Sussman, Mark and Lian, Yongsheng},
  booktitle={54th AIAA Aerospace Sciences Meeting},
  pages={1340},
  year={2016}
}

@article{VAHAB2021110008,
title = {Fluid-structure interaction of thin flexible bodies in multi-material multi-phase systems},
journal = {Journal of Computational Physics},
volume = {429},
pages = {110008},
year = {2021},
issn = {0021-9991},
doi = {https://doi.org/10.1016/j.jcp.2020.110008},
url = {https://www.sciencedirect.com/science/article/pii/S0021999120307828},
author = {Mehdi Vahab and Mark Sussman and Kourosh Shoele},
keywords = {Fluid-structure interaction, Multi-phase flow, Phase-change, Boiling process, Thin structure}
}

@article{REUTZSCH2020109455,
title = {A consistent method for direct numerical simulation of droplet evaporation},
journal = {Journal of Computational Physics},
volume = {413},
pages = {109455},
year = {2020},
issn = {0021-9991},
doi = {https://doi.org/10.1016/j.jcp.2020.109455},
url = {https://www.sciencedirect.com/science/article/pii/S0021999120302291},
author = {Jonathan Reutzsch and Corine Kieffer-Roth and Bernhard Weigand},
keywords = {VOF, Evaporation, Droplets, Multiphase flow, DNS, Stefan flow} }

@article{HAGHANIHASSANABADI2021110111,
title = {Phase-change modeling based on a novel conservative phase-field method},
journal = {Journal of Computational Physics},
volume = {432},
pages = {110111},
year = {2021},
issn = {0021-9991},
doi = {https://doi.org/10.1016/j.jcp.2021.110111},
url = {https://www.sciencedirect.com/science/article/pii/S0021999121000036},
author = {Reza Haghani-Hassan-Abadi and Abbas Fakhari and Mohammad-Hassan Rahimian},
keywords = {Phase-change process, Lattice Boltzmann method, Multiphase flow, Conservative phase field}
}

@article{PeiSussmanHussaini2017,
  title={A space-time Discontinuous Galerkin Spectral
    Element Method for the Stefan problem},
  author={C. Pei and M. Sussman and M.Y. Hussaini},
  journal={Discrete and Continuous Dynamical Systems Series B (online first)},
  year={2017}
}

@article{guo2016investigation,
  title={Investigation of drop impact on dry and wet surfaces with consideration of surrounding air},
  author={Guo, Yisen and Lian, Yongsheng and Sussman, Mark},
  journal={Physics of Fluids (1994-present)},
  volume={28},
  number={7},
  pages={073303},
  year={2016},
  publisher={AIP Publishing}
}

@inproceedings{ArientiSussman2015_SAE,
   author={M. Arienti and M. Sussman},
   title={A High-Fidelity Study of High-Pressure Diesel Injection},
   booktitle={SAE Technical Paper 2015-01-1853},
   year={2015} }

@article{YokoiOnishiDengSussman2016,
  title={Density-Scaled Balanced Continuum Surface Force Model
    with a Level Set Based Curvature Interpolation Technique},
  author={K. Yokoi and R. Onishi and X.L. Deng and M. Sussman},
  journal={International Journal of Computational Methods},
  pages={1641004},
  year={2016}
}

@inproceedings{billaud2012hybrid,
  title={A hybrid small-world network/semi-physical model for predicting wildfire spread in heterogeneous landscapes},
  author={Billaud, Y and Zekri, N and Kaiss, A and Drissi, M and Pizzo, Y and Acem, Z and Collin, A and Santoni, PA and Bosseur, F and Boulet, P and others},
  booktitle={Journal of Physics: Conference Series},
  volume={395},
  number={1},
  pages={012008},
  year={2012},
  organization={IOP Publishing}
}

@article{khelloufi2013forest,
  title={Forest fire spread with non-universal critical behavior},
  author={Khelloufi, K and Baara, Y and Clerc, JP and Porterie, B and Zekri, N},
  journal={Journal of Statistical Mechanics: Theory and Experiment},
  volume={2013},
  number={10},
  pages={P10027},
  year={2013},
  publisher={IOP Publishing}
}

@incollection{belkacem2015statistical,
  title={Statistical Characterization of a Small World Network Applied to Forest Fires},
  author={Belkacem, Fatima Zahra Benzahra and Zekri, Noureddine and Terbeche, Mekki},
  booktitle={Mathematical Technology of Networks},
  pages={27--37},
  year={2015},
  publisher={Springer}
}

@article{ottmar2016measurements,
  title={Measurements, datasets and preliminary results from 
   the RxCADRE project for fire model development and 
   evaluation: the RxCADRE project},
  author={Ottmar, RD and Hiers, JK and Clements, CB and Butler, BW and 
   Dickinson, MB and Potter, B and O’Brien, JJ and Hudak, AT and 
   Rowell, EM and Zajkowski, TJ},
  journal={International Journal of Wildland Fire},
  volume={25(1)},
  pages={1-9},
  year={2016}
}

@article{zajkowski2016evaluation,
  title={Evaluation and use of remotely piloted aircraft systems 
    for operations and research-RxCADRE 2012},
  author={Zajkowski, Thomas J and Dickinson, Matthew B and Hiers, J Kevin and 
   Holley, William and Williams, Brett W and Paxton, Alexander and 
   Martinez, Otto and Walker, Gregory W},
  volume={25(1)},
  journal={International Journal of Wildland Fire},
  pages={114-128},
  year={2016}
}

@article{clements2016fire,
  title={Fire weather conditions and fire-atmosphere 
   interactions observed during low-intensity prescribed fires-RxCADRE 2012},
  author={Clements, Craig B and Lareau, Neil P and Seto, Daisuke and 
   Contezac, Jonathan and Davis, Braniff and Teske, Casey and 
   Zajkowski, Thomas J and Hudak, Andrew T and Bright, Benjamin C and 
   Dickinson, Matthew B and Butler, B.W. and Hiers, J.K.},
  journal={International Journal of Wildland Fire},
  volume={25(1)},
  pages={90-101},
  year={2016}
}

@article{o2016high,
  title={High-resolution infrared thermography for capturing wildland 
   fire behaviour: RxCADRE 2012},
  author={O'Brien, Joseph J and Loudermilk, E Louise and Hornsby, Benjamin 
   and Hudak, Andrew T and Bright, Benjamin C and 
   Dickinson, Matthew B and Hiers, J Kevin and Teske, Casey and 
   Ottmar, Roger D},
  journal={International Journal of Wildland Fire},
  volume={25},
  number={1},
  pages={62-75},
  year={2016},
  publisher={CSIRO}
}

@article{loudermilk2014high,
  title={High-resolution observations of combustion in heterogeneous 
   surface fuels},
  author={Loudermilk, E Louise and Achtemeier, Gary L and O'Brien, Joseph J 
   and Hiers, J Kevin and Hornsby, Benjamin S},
  journal={International Journal of Wildland Fire},
  volume={23},
  number={7},
  pages={1016-1026},
  year={2014},
  publisher={CSIRO}
}

@article{o2016canopy,
  title={Canopy-Derived Fuels Drive Patterns of In-Fire Energy Release and 
   Understory Plant Mortality in a Longleaf Pine (Pinus palustris) 
   Sandhill in Northwest Florida, USA},
  author={O’Brien, Joseph J and Loudermilk, E Louise and Hiers, J Kevin and 
   Pokswinski, Scott and Hornsby, Benjamin and Hudak, Andrew and 
   Strother, Dexter and Rowell, Eric and Bright, Benjamin C},
  journal={Canadian Journal of Remote Sensing},
  pages={1-12},
  year={2016},
  publisher={Taylor \& Francis}
}

@article{barenblatt1993scaling,
  title={Scaling laws for fully developed turbulent shear flows. Part 1. Basic hypotheses and analysis},
  author={Barenblatt, GI},
  journal={Journal of Fluid Mechanics},
  volume={248},
  pages={513--520},
  year={1993},
  publisher={Cambridge Univ Press}
}

@article{barenblatt1998new,
  title={New perspectives in turbulence: Scaling laws, asymptotics, and intermittency},
  author={Barenblatt, GI and Chorin, Alexandre J},
  journal={SIAM review},
  volume={40},
  number={2},
  pages={265--291},
  year={1998},
  publisher={SIAM}
}

@article {Cochrane1832,
	author = {Cochrane, Mark A. and Alencar, Ane and Schulze, Mark D. and Souza, Carlos M. and Nepstad, Daniel C. and Lefebvre, Paul and Davidson, Eric A.},
	title = {Positive Feedbacks in the Fire Dynamic of Closed Canopy Tropical Forests},
	volume = {284},
	number = {5421},
	pages = {1832--1835},
	year = {1999},
	doi = {10.1126/science.284.5421.1832},
	publisher = {American Association for the Advancement of Science},
	issn = {0036-8075},
	URL = {http://science.sciencemag.org/content/284/5421/1832},
	eprint = {http://science.sciencemag.org/content/284/5421/1832.full.pdf},
	journal = {Science}
}

@article{tam2000anisotropic,
  title={Anisotropic mesh adaptation for 3D flows on structured and unstructured grids},
  author={Tam, A and Ait-Ali-Yahia, D and Robichaud, MP and Moore, M and Kozel, V and Habashi, WG},
  journal={Computer Methods in Applied Mechanics and Engineering},
  volume={189},
  number={4},
  pages={1205--1230},
  year={2000},
  publisher={Elsevier}
}

@article{sierociuk2006fractional,
  title={Fractional Kalman filter algorithm for the states, parameters and order of fractional system estimation},
  author={Sierociuk, Dominik and Dzielinski, Andrzej},
  journal={International Journal of Applied Mathematics and Computer Science},
  volume={16},
  number={1},
  pages={129},
  year={2006},
  publisher={University of Zielona Gora Press}
}



@article {Hiers2007,
author = {Hiers, J. Kevin and O'Brien, Joseph J. and Will, Rodney E. and Mitchell, Robert J.},
title = {FOREST FLOOR DEPTH MEDIATES UNDERSTORY VIGOR IN XERIC PINUS PALUSTRIS ECOSYSTEMS},
journal = {Ecological Applications},
volume = {17},
number = {3},
publisher = {Ecological Society of America},
issn = {1939-5582},
url = {http://dx.doi.org/10.1890/06-1015},
doi = {10.1890/06-1015},
pages = {806--814},
keywords = {duff accumulation, fire, forest floor, litter, longleaf pine, Pinus palustris, restoration, sandhill community, structural equation modeling},
year = {2007},
}

@article{hiers2009wildland,
  title={The wildland fuel cell concept: an approach to characterize fine-scale variation in fuels and fire in frequently burned longleaf pine forests},
  author={Hiers, J Kevin and O'Brien, Joseph J and Mitchell, RJ and Grego, John M and Loudermilk, E Louise},
  journal={International Journal of Wildland Fire},
  volume={18},
  number={3},
  pages={315--325},
  year={2009},
  publisher={CSIRO}
}

@article{srivas2016wildfire,
  title={Wildfire Spread Prediction and Assimilation for FARSITE Using Ensemble Kalman Filtering},
  author={Srivas, Thayjes and Artes, Tomas and de Callafon, Raymond and Altintas, Ilkay},
  journal={Procedia Computer Science},
  volume={80},
  pages={897--908},
  year={2016},
  publisher={Elsevier}
}

@article{loudermilk2012linking,
  title={Linking complex forest fuel structure and fire behaviour at fine scales},
  author={Loudermilk, E Louise and O'Brien, Joseph J and Mitchell, Robert J and Cropper, Wendell P and Hiers, J Kevin and Grunwald, Sabine and Grego, John and Fernandez-Diaz, Juan C},
  journal={International Journal of Wildland Fire},
  volume={21},
  number={7},
  pages={882--893},
  year={2012},
  publisher={CSIRO}
}

@article{finney2015role,
  title={Role of buoyant flame dynamics in wildfire spread},
  author={Finney, Mark A and Cohen, Jack D and Forthofer, Jason M and McAllister, Sara S and Gollner, Michael J and Gorham, Daniel J and Saito, Kozo and Akafuah, Nelson K and Adam, Brittany A and English, Justin D},
  journal={Proceedings of the National Academy of Sciences},
  volume={112},
  number={32},
  pages={9833--9838},
  year={2015},
  publisher={National Acad Sciences}
}

@article{balwada2016circulation,
  title={Circulation and Stirring in the Southeast Pacific Ocean and the Scotia Sea Sectors of the Antarctic Circumpolar Current},
  author={Balwada, Dhruv and Speer, Kevin G and LaCasce, Joseph H and Owens, W Brechner and Marshall, John and Ferrari, Raffaele},
  journal={Journal of Physical Oceanography},
  number={2016},
  year={2016}
}

@article{roach2016horizontal,
  title={Horizontal mixing in the Southern Ocean from Argo float trajectories},
  author={Roach, Christopher J and Balwada, Dhruv and Speer, Kevin},
  journal={Journal of Geophysical Research: Oceans},
  year={2016},
  publisher={Wiley Online Library}
}

@article{lacasce2014float,
  title={Float-derived isopycnal diffusivities in the DIMES experiment},
  author={LaCasce, JH and Ferrari, R and Marshall, J and Tulloch, R and Balwada, D and Speer, K},
  journal={Journal of Physical Oceanography},
  volume={44},
  number={2},
  pages={764--780},
  year={2014}
}

@article{tulloch2014direct,
  title={Direct estimate of lateral eddy diffusivity upstream of Drake Passage},
  author={Tulloch, Ross and Ferrari, Raffaele and Jahn, Oliver and Klocker, Andreas and LaCasce, Joseph and Ledwell, James R and Marshall, John and Messias, Marie-Jose and Speer, Kevin and Watson, Andrew},
  journal={Journal of Physical Oceanography},
  volume={44},
  number={10},
  pages={2593--2616},
  year={2014}
}

@article{marshall2012closure,
  title={Closure of the meridional overturning circulation through Southern Ocean upwelling},
  author={Marshall, John and Speer, Kevin},
  journal={Nature Geoscience},
  volume={5},
  number={3},
  pages={171--180},
  year={2012},
  publisher={Nature Publishing Group}
}

@ARTICLE {brearley2014,
    author  = "J.A. Brearley and K. L. Sheen and A. C. Naveira Garabato 
     and D. A. Smeed and K. G. Speer and A. M. Thurnherr
     and M. P. Meredith and S. Waterman",
    title   = "Deep boundary current disintegration in Drake Passage",
    journal = "Geophys. Res. Lett.,",
    year    = "2014",
    number  = "41",
    pages   = "121-127"
}

@ARTICLE {Downes2012,
    author  = "S. Downes and R. M. Key and A. H. Orsi and K. G. Speer
      and J. H. Swift",
    title   = "Tracing Southwest Pacific Bottom Water using potential
vorticity and helium-3",
    journal = "J. Physical Oceanography",
    year    = "2012",
    number  = "42",
    pages   = "2153-2168"
}

@ARTICLE {Faure2012,
    author  = "V. Faure and K. Speer",
    title   = "Deep circulation in the eastern South Pacific Ocean",
    journal = "J. Marine Research",
    year    = "2012",
    number  = "70",
    pages   = "748-778"
}

@ARTICLE {Sallee2011,
    author  = "J.B. Sallee and K. Speer and S. Rintoul",
    title   = "Mean-flow and topographic control on surface eddy-mixing in
the Southern Ocean",
    journal = "J. Marine Research",
    year    = "2011",
    number  = "69",
    pages   = "1-25"
}

@book{podlubny1998fractional,
  title={Fractional differential equations: an introduction to fractional derivatives, fractional differential equations, to methods of their solution and some of their applications},
  author={Podlubny, Igor},
  volume={198},
  year={1998},
  publisher={Academic press}
}


@article{wang2014fractal,
  title={Fractal dimensions of wildfire spreading},
  author={Wang, S-L and Lee, H-I and Li, S-P},
  journal={Nonlinear Processes in Geophysics},
  volume={21},
  number={4},
  pages={815--823},
  year={2014},
  publisher={Copernicus GmbH}
}

@incollection{mckenzie2011scaling,
  title={Scaling laws and complexity in fire regimes},
  author={McKenzie, Donald and Kennedy, Maureen C},
  booktitle={The landscape ecology of fire},
  pages={27--49},
  year={2011},
  publisher={Springer}
}

@article{zinck2008more,
  title={More realistic than anticipated: a classical forest-fire model from statistical physics captures real fire shapes},
  author={Zinck, RD and Grimm, V},
  journal={The Open Ecology Journal},
  volume={1},
  number={1},
  year={2008}
}

@article{caldarelli2001percolation,
  title={Percolation in real wildfires},
  author={Caldarelli, Guido and Frondoni, Raffaella and Gabrielli, Andrea and Montuori, Marco and Retzlaff, Rebecca and Ricotta, Carlo},
  journal={EPL (Europhysics Letters)},
  volume={56},
  number={4},
  pages={510},
  year={2001},
  publisher={IOP Publishing}
}


@article{zhang1997parameter,
  title={Parameter estimation techniques: A tutorial with application to conic fitting},
  author={Zhang, Zhengyou},
  journal={Image and vision Computing},
  volume={15},
  number={1},
  pages={59--76},
  year={1997},
  publisher={Elsevier}
}


@phdthesis{nejadmalayeri2012hierarchical,
  title={Hierarchical multiscale adaptive variable fidelity wavelet-based turbulence modeling with Lagrangian spatially variable thresholding},
  author={Nejadmalayeri, Alireza},
  year={2012},
  school={Citeseer}
}

@article{vasilyev1998general,
  title={A general class of commutative filters for LES in complex geometries},
  author={Vasilyev, Oleg V and Lund, Thomas S and Moin, Parviz},
  journal={Journal of Computational Physics},
  volume={146},
  number={1},
  pages={82--104},
  year={1998},
  publisher={Elsevier}
}

@article{vasilyev2005adaptive,
  title={An adaptive multilevel wavelet collocation method for elliptic problems},
  author={Vasilyev, Oleg V and Kevlahan, Nicholas K-R},
  journal={Journal of Computational Physics},
  volume={206},
  number={2},
  pages={412--431},
  year={2005},
  publisher={Elsevier}
}

@article{henshaw2006moving,
  title={Moving overlapping grids with adaptive mesh refinement for high-speed reactive and non-reactive flow},
  author={Henshaw, William D and Schwendeman, Donald W},
  journal={Journal of Computational Physics},
  volume={216},
  number={2},
  pages={744--779},
  year={2006},
  publisher={Elsevier}
}

@inproceedings{allaire:hal-01589906,
  TITLE = {{Structural optimization under overhang constraints imposed by additive manufacturing processes: an overview of some recent results}},
  AUTHOR = {Allaire, Gr{\'e}goire and Dapogny, Charles and Estevez, Rafael and Faure, Alexis and Michailidis, Georgios},
  URL = {https://hal.archives-ouvertes.fr/hal-01589906},
  BOOKTITLE = {{Cedya + CMA 2017}},
  ADDRESS = {Cartagena, Spain},
  YEAR = {2017},
  MONTH = Jun,
  PDF = {https://hal.archives-ouvertes.fr/hal-01589906/file/PAPER_31_FINAL.pdf},
  HAL_ID = {hal-01589906},
  HAL_VERSION = {v1},
}

@Article{Feppon2017,
author="Feppon, F.
and Michailidis, G.
and Sidebottom, M. A.
and Allaire, G.
and Krick, B. A.
and Vermaak, N.",
title="Introducing a level-set based shape and topology optimization method for the wear of composite materials with geometric constraints",
journal="Structural and Multidisciplinary Optimization",
year="2017",
month="Feb",
day="01",
volume="55",
number="2",
pages="547--568",
issn="1615-1488",
doi="10.1007/s00158-016-1512-4",
url="https://doi.org/10.1007/s00158-016-1512-4"
}

@article{arienti2009time,
  title={Time-resolved proper orthogonal decomposition of liquid jet dynamics},
  author={Arienti, Marco and Soteriou, Marios C},
  journal={Physics of Fluids},
  volume={21},
  number={11},
  pages={112104},
  year={2009},
  publisher={AIP}
}

@article{blonigan2017toward,
  title={Toward a chaotic adjoint for LES},
  author={Blonigan, Patrick J and Fernandez, Pablo and Murman, Scott M and Wang, Qiqi and Rigas, Georgios and Magri, Luca},
  journal={arXiv preprint arXiv:1702.06809},
  year={2017}
}

@article{blonigan2017least,
  title={Least-Squares Shadowing Sensitivity Analysis of Chaotic Flow Around a Two-Dimensional Airfoil},
  author={Blonigan, Patrick J and Wang, Qiqi and Nielsen, Eric J and Diskin, Boris},
  journal={AIAA Journal},
  pages={1--15},
  year={2017},
  publisher={American Institute of Aeronautics and Astronautics}
}

@article{CHATER2017126,
title = "Simplified Least Squares Shadowing sensitivity analysis for chaotic ODEs and PDEs",
journal = "Journal of Computational Physics",
volume = "329",
number = "Supplement C",
pages = "126 - 140",
year = "2017",
issn = "0021-9991",
doi = "https://doi.org/10.1016/j.jcp.2016.10.035",
url = "http://www.sciencedirect.com/science/article/pii/S0021999116305332",
author = "Mario Chater and Angxiu Ni and Qiqi Wang",
keywords = "Sensitivity analysis, Linear response, Adjoint equation, Unsteady adjoint, Chaos, Least squares shadowing"
}

@article{bothe2017modeling,
  title={MODELING AND ANALYSIS OF REACTIVE MULTI-COMPONENT TWO-PHASE FLOWS WITH MASS TRANSFER AND PHASE TRANSITION-THE ISOTHERMAL INCOMPRESSIBLE CASE.},
  author={Bothe, Dieter and Pr{\"u}ss, Jan},
  journal={Discrete \& Continuous Dynamical Systems-Series S},
  volume={10},
  number={4},
  year={2017}
}

@article{can2012level,
  title={A level set method for vapor bubble dynamics},
  author={Can, Edip and Prosperetti, Andrea},
  journal={Journal of computational physics},
  volume={231},
  number={4},
  pages={1533--1552},
  year={2012},
  publisher={Elsevier}
}

@article{castro2007systematic,
  title={Systematic continuous adjoint approach to viscous aerodynamic design on unstructured grids},
  author={Castro, Carlos and Lozano, Carlos and Palacios, Francisco and Zuazua, Enrique},
  journal={AIAA journal},
  volume={45},
  number={9},
  pages={2125},
  year={2007},
  publisher={AMERICAN INST OF AERONAUTICS AND ASTRONAUTICS}
}


@Article{Kandasamy2011,
author="Kandasamy, Manivannan
and Peri, Daniele
and Ooi, Seng Keat
and Carrica, Pablo
and Stern, Frederick
and Campana, Emilio F.
and Osborne, Philip
and Cote, Jessica
and Macdonald, Neil
and de Waal, Nic",
title="Multi-fidelity optimization of a high-speed foil-assisted semi-planing catamaran for low wake",
journal="Journal of Marine Science and Technology",
year="2011",
month="Jun",
day="01",
volume="16",
number="2",
pages="143--156",
issn="1437-8213",
doi="10.1007/s00773-011-0119-0",
url="https://doi.org/10.1007/s00773-011-0119-0"
}

@article{cui2016level,
  title={A level-set based multi-material topology optimization method using a reaction diffusion equation},
  author={Cui, Mingtao and Chen, Hongfang and Zhou, Jingling},
  journal={Computer-Aided Design},
  volume={73},
  pages={41--52},
  year={2016},
  publisher={Elsevier}
}


@article{dommermuth2014direct,
  title={Direct Simulations of Wind-Driven Breaking Ocean Waves with Data Assimilation},
  author={Dommermuth, Douglas G and Lewis, Christopher D and Tran, Vu H and Valenciano, Miguel A},
  journal={arXiv preprint arXiv:1410.0418},
  year={2014}
}

@inproceedings{mcnamara2004fluid,
  title={Fluid control using the adjoint method},
  author={McNamara, Antoine and Treuille, Adrien and Popovi{\'c}, Zoran and Stam, Jos},
  booktitle={ACM Transactions On Graphics (TOG)},
  volume={23},
  number={3},
  pages={449--456},
  year={2004},
  organization={ACM}
}

@Article{Giles2000,
author="Giles, Michael B.
and Pierce, Niles A.",
title="An Introduction to the Adjoint Approach to Design",
journal="Flow, Turbulence and Combustion",
year="2000",
month="Dec",
day="01",
volume="65",
number="3",
pages="393--415",
issn="1573-1987",
doi="10.1023/A:1011430410075",
url="https://doi.org/10.1023/A:1011430410075"
}

@article{giles1997adjoint,
  title={Adjoint equations in CFD: duality, boundary conditions and solution behaviour},
  author={Giles, Michael B and Pierce, Niles A},
  journal={AIAA paper},
  volume={1850},
  pages={1997},
  year={1997}
}

@article{guo2017high,
  title={High-speed oblique drop impact on thin liquid films},
  author={Guo, Yisen and Lian, Yongsheng},
  journal={Physics of Fluids},
  volume={29},
  number={8},
  pages={082108},
  year={2017},
  publisher={AIP Publishing}
}

@article{holdaway2015assessing,
  title={Assessing the tangent linear behaviour of common tracer transport schemes and their use in a linearised atmospheric general circulation model},
  author={Holdaway, Daniel and Kent, James},
  journal={Tellus A: Dynamic Meteorology and Oceanography},
  volume={67},
  number={1},
  pages={27895},
  year={2015},
  publisher={Taylor \& Francis}
}

@article{starinshak2014new,
  title={A new level set model for multimaterial flows},
  author={Starinshak, David P and Karni, Smadar and Roe, Philip L},
  journal={Journal of Computational Physics},
  volume={262},
  pages={1--16},
  year={2014},
  publisher={Elsevier}
}

@article{kent2017idealized,
  title={An idealized test case for assessing the linearization of tracer transport schemes in NWP models},
  author={Kent, James and Holdaway, Daniel},
  journal={Quarterly Journal of the Royal Meteorological Society},
  volume={143},
  number={705},
  pages={1746--1755},
  year={2017},
  publisher={Wiley Online Library}
}

@article{luo2017numerical,
  title={Numerical investigation of the bubble growth in horizontal rectangular microchannels},
  author={Luo, Yang and Zhang, Jingzhi and Li, Wei and Sokolova, Ekaterina and Li, Yourong and Minkowycz, WJ},
  journal={Numerical Heat Transfer, Part A: Applications},
  volume={71},
  number={12},
  pages={1175--1188},
  year={2017},
  publisher={Taylor \& Francis}
}

@article{MA2016336,
title = "Using statistical learning to close two-fluid multiphase flow equations for bubbly flows in vertical channels",
journal = "International Journal of Multiphase Flow",
volume = "85",
number = "Supplement C",
pages = "336 - 347",
year = "2016",
issn = "0301-9322",
doi = "https://doi.org/10.1016/j.ijmultiphaseflow.2016.06.021",
url = "http://www.sciencedirect.com/science/article/pii/S0301932215302226",
author = "Ming Ma and Jiacai Lu and Gretar Tryggvason",
keywords = "Bubble dynamics, Gas/liquid flow, DNS, Two fluid models, Closure terms, Model averaging neural networks, Statistical learning"
}


@inproceedings{auroux2008easy,
  title={An easy-to-implement and efficient data assimilation method for the identification of the initial condition: the Back and Forth Nudging (BFN) algorithm},
  author={Auroux, Didier and Bansart, Patrick and Blum, Jacques},
  booktitle={Journal of Physics: Conference Series},
  volume={135},
  number={1},
  pages={012011},
  year={2008},
  organization={IOP Publishing}
}

@article{lei2012hybrid,
  title={A hybrid nudging-ensemble Kalman filter approach to data assimilation in WRF/DART},
  author={Lei, Lili and Stauffer, David R and Deng, Aijun},
  journal={Quarterly Journal of the Royal Meteorological Society},
  volume={138},
  number={669},
  pages={2066--2078},
  year={2012},
  publisher={Wiley Online Library}
}


@article{FABREGAT201516,
title = "Numerical simulations of turbulent thermal, bubble and hybrid plumes",
journal = "Ocean Modelling",
volume = "90",
number = "Supplement C",
pages = "16 - 28",
year = "2015",
issn = "1463-5003",
doi = "https://doi.org/10.1016/j.ocemod.2015.03.007",
url = "http://www.sciencedirect.com/science/article/pii/S1463500315000542",
author = "Alexandre Fabregat and William K. Dewar and Tamay M. Özgökmen and Andrew C. Poje and Nicolas Wienders",
keywords = "Multiphase flows, Buoyant plumes, Deepwater blowouts"
}

@article{fabregat2017rotating,
  title={Rotating 2d point source plume models with application to Deepwater Horizon},
  author={Fabregat, A and Deremble, B and Wienders, N and Stroman, A and Poje, A and {\"O}zg{\"o}kmen, TM and Dewar, WK},
  journal={Ocean Modelling},
  volume={119},
  pages={118--135},
  year={2017},
  publisher={Elsevier}
}

@article{de2012efficient,
  title={Efficient evaluation of the direct and adjoint linearized dynamics from compressible flow solvers},
  author={De Pando, Miguel Fosas and Sipp, Denis and Schmid, Peter J},
  journal={Journal of Computational Physics},
  volume={231},
  number={23},
  pages={7739--7755},
  year={2012},
  publisher={Elsevier}
}

@article{jenkins2015effect,
  title={The effect of numerical model error on data assimilation},
  author={Jenkins, SE and Budd, CJ and Freitag, Melina A and Smith, ND},
  journal={Journal of Computational and Applied Mathematics},
  volume={290},
  pages={567--588},
  year={2015},
  publisher={Elsevier}
}

@article{khairallah2016laser,
  title={Laser powder-bed fusion additive manufacturing: Physics of complex melt flow and formation mechanisms of pores, spatter, and denudation zones},
  author={Khairallah, Saad A and Anderson, Andrew T and Rubenchik, Alexander and King, Wayne E},
  journal={Acta Materialia},
  volume={108},
  pages={36--45},
  year={2016},
  publisher={Elsevier}
}

@article{kim2004multi,
  title={Multi-element high-lift configuration design optimization using viscous continuous adjoint method},
  author={Kim, Sangho and Alonso, Juan J and Jameson, Antony},
  journal={Journal of Aircraft},
  volume={41},
  number={5},
  pages={1082--1097},
  year={2004},
  publisher={[New York, etc.] American Institute of Aeronautics and Astronautics.}
}

@article{MASHAYEKHI2018134,
title = "Fractional viscoelasticity in fractal and non-fractal media: Theory, experimental validation, and uncertainty analysis",
journal = "Journal of the Mechanics and Physics of Solids",
volume = "111",
number = "Supplement C",
pages = "134 - 156",
year = "2018",
issn = "0022-5096",
doi = "https://doi.org/10.1016/j.jmps.2017.10.013",
url = "http://www.sciencedirect.com/science/article/pii/S0022509617304428",
author = "Somayeh Mashayekhi and Paul Miles and M. Yousuff Hussaini and William S. Oates",
keywords = "Viscoelasticity, Fractal media, Fractional order, Parameter estimation"
}


@inproceedings{LiLianETAL2014,
        author={Guibo Li and Yongsheng Lian and Matt Mersch and 
         Chris Omalley and Adam Hofmann },
        title={Liquid-Gas Two-Phase Flow Simulation for Flat Fan Nozzles},
        booktitle={proceedings of the 
         ASME 2014 4th Joint US-European Fluids Engineering Division Summer 
         Meeting collocated with the ASME 2014 12th International 
         Conference on Nanochannels, Microchannels, and Minichannels},
        address={Chicago, IL},
        year={2014},
        number={FEDSM2014-21170} }


@article{PAPADIMITRIOU2007325,
title = "A continuous adjoint method with objective function derivatives based on boundary integrals, for inviscid and viscous flows",
journal = "Computers and Fluids",
volume = "36",
number = "2",
pages = "325 - 341",
year = "2007",
issn = "0045-7930",
doi = "https://doi.org/10.1016/j.compfluid.2005.11.006",
url = "http://www.sciencedirect.com/science/article/pii/S004579300600020X",
author = "D.I. Papadimitriou and K.C. Giannakoglou"
}

@article{Barenblatt09082005,
author = {Barenblatt, G. I. and Chorin, A. J. and Prostokishin, V. M.}, 
title = {A note concerning the Lighthill “sandwich model” of tropical cyclones},
volume = {102}, 
number = {32}, 
pages = {11148-11150}, 
year = {2005}, 
doi = {10.1073/pnas.0505209102}, 
abstract ={The basic element of Lighthill's “sandwich model” of tropical cyclones is the existence of “ocean spray,” a layer intermediate between air and sea made up of a cloud of droplets that can be viewed as a “third fluid.” We propose a mathematical model of the flow in the ocean spray based on a semiempirical turbulence theory and demonstrate that the availability of the ocean spray over the waves in the ocean can explain the tremendous acceleration of the wind as a consequence of the reduction of the turbulence intensity by droplets. This explanation complements the thermodynamic arguments proposed by Lighthill.}, 
URL = {http://www.pnas.org/content/102/32/11148.abstract}, 
eprint = {http://www.pnas.org/content/102/32/11148.full.pdf}, 
journal = {Proceedings of the National Academy of Sciences of the United States of America} 
}

@article{pruss2011well,
  title={On well-posedness of incompressible two-phase flows with phase transitions: the case of equal densities},
  author={Pr{\"u}ss, Jan and Shimizu, Senjo and Shibata, Yoshihiro and Simonett, Gieri},
  journal={arXiv preprint arXiv:1109.2051},
  year={2011}
}

@article{pruss2012well,
  title={On well-posedness of incompressible two-phase flows with phase transitions: the case of non-equal densities},
  author={Pr{\"u}ss, Jan and Shimizu, Senjo},
  journal={Journal of Evolution Equations},
  volume={12},
  number={4},
  pages={917--941},
  year={2012},
  publisher={Springer}
}

@article{pruss2014qualitative,
  title={Qualitative behaviour of incompressible two-phase flows with phase transitions: the case of non-equal densities},
  author={Pr{\"u}ss, Jan and Shimizu, Senjo and Wilke, Mathias},
  journal={Communications in Partial Differential Equations},
  volume={39},
  number={7},
  pages={1236--1283},
  year={2014},
  publisher={Taylor \& Francis}
}

@article{rochoux2014towards,
  title={Towards predictive data-driven simulations of wildfire spread-Part I: Reduced-cost Ensemble Kalman Filter based on a Polynomial Chaos surrogate model for parameter estimation},
  author={Rochoux, M{\'e}lanie C and Ricci, Sophie and Lucor, Didier and Cuenot, B{\'e}n{\'e}dicte and Trouv{\'e}, Arnaud},
  journal={Natural Hazards and Earth System Sciences},
  volume={14},
  number={11},
  pages={2951},
  year={2014},
  publisher={Copernicus GmbH}
}

@misc{sadrossadat2015sensitivity,
  title={Sensitivity-Analysis-Based Adjoint Neural Network Techniques for Nonlinear Applications},
  author={Sadrossadat, Sayed Alireza and Sc, MA},
  year={2015},
  publisher={A thesis submitted to the Faculty of Graduate and Postdoctoral Affairsin partial fulfillment of the degree requirements of Doctor of Philosophy. Ottawa-Carleton Institute for Electrical and Computer Engineering, Department of Electronics, Carleton University, Ottawa, Ontario, Canada}
}

@article{wang1992second,
  title={The second order adjoint analysis: theory and applications},
  author={Wang, Zhi and Navon, I Michael and Le Dimet, FX and Zou, X},
  journal={Meteorology and atmospheric physics},
  volume={50},
  number={1-3},
  pages={3--20},
  year={1992},
  publisher={Springer}
}

@article{smith2014multiple,
  title={Multiple Zonal Jets in a Differentially Heated Rotating Annulus*,+},
  author={Smith, Carlowen A and Speer, Kevin G and Griffiths, Ross W},
  journal={Journal of Physical Oceanography},
  volume={44},
  number={9},
  pages={2273--2291},
  year={2014}
}

@article{smith2014multipleshort,
  title={Multiple Zonal Jets in a Differentially Heated Rotating Annulus*,+},
  author={C. Smith and K. Speer and R. Griffiths},
  journal={Journal of Physical Oceanography},
  volume={44},
  number={9},
  pages={2273--2291},
  year={2014}
}

@article{son1998numerical,
  title={Numerical simulation of film boiling near critical pressures with a level set method},
  author={Son, G and Dhir, VK},
  journal={TRANSACTIONS-AMERICAN SOCIETY OF MECHANICAL ENGINEERS JOURNAL OF HEAT TRANSFER},
  volume={120},
  pages={183--192},
  year={1998},
  publisher={AMERICAN SOCIETY MECHANICAL ENGINEERS}
}

@article{son1999dynamics,
  title={Dynamics and heat transfer associated with a single bubble during nucleate boiling on a horizontal surface},
  author={Son, G and Dhir, VK and Ramanujapu, N},
  journal={Journal of Heat Transfer},
  volume={121},
  number={3},
  pages={623--631},
  year={1999},
  publisher={American Society of Mechanical Engineers}
}

@article{sovani2001effervescent,
  title={Effervescent atomization},
  author={Sovani, SD and Sojka, PE and Lefebvre, AH},
  journal={Progress in Energy and Combustion Science},
  volume={27},
  number={4},
  pages={483--521},
  year={2001},
  publisher={Elsevier}
}

@article{tanguy2014benchmarks,
  title={Benchmarks and numerical methods for the simulation of boiling flows},
  author={Tanguy, S{\'e}bastien and Sagan, Micha{\"e}l and Lalanne, Benjamin and Couderc, Fr{\'e}d{\'e}ric and Colin, Catherine},
  journal={Journal of Computational Physics},
  volume={264},
  pages={1--22},
  year={2014},
  publisher={Elsevier}
}

@article{PALMORE2019108954,
title = {A volume of fluid framework for interface-resolved simulations of vaporizing liquid-gas flows},
journal = {Journal of Computational Physics},
volume = {399},
pages = {108954},
year = {2019},
issn = {0021-9991},
doi = {https://doi.org/10.1016/j.jcp.2019.108954},
url = {https://www.sciencedirect.com/science/article/pii/S002199911930659X},
author = {John Palmore and Olivier Desjardins},
keywords = {Vaporization, Evaporation, Boiling, Turbulent flows, VOF}
}

@article{tomar2005numerical,
  title={Numerical simulation of bubble growth in film boiling using a coupled level-set and volume-of-fluid method},
  author={Tomar, G and Biswas, G and Sharma, A and Agrawal, A},
  journal={Physics of Fluids},
  volume={17},
  number={11},
  pages={112103},
  year={2005},
  publisher={AIP}
}

@article{towara2013discrete,
  title={A discrete adjoint model for OpenFOAM},
  author={Towara, Markus and Naumann, Uwe},
  journal={Procedia Computer Science},
  volume={18},
  pages={429--438},
  year={2013},
  publisher={Elsevier}
}

@article{towara2015mpi,
  title={Mpi-parallel discrete adjoint openfoam},
  author={Towara, Markus and Schanen, Michel and Naumann, Uwe},
  journal={Procedia Computer Science},
  volume={51},
  pages={19--28},
  year={2015},
  publisher={Elsevier}
}

@article{tryggvason2015direct,
  title={Direct numerical simulations of flows with phase change},
  author={Tryggvason, Gr{\'e}tar and Lu, Jiacai},
  journal={Procedia IUTAM},
  volume={15},
  pages={2--13},
  year={2015},
  publisher={Elsevier}
}

@article{veron2012sea,
  title={Sea spray spume droplet production in high wind speeds},
  author={Veron, F and Hopkins, C and Harrison, EL and Mueller, JA},
  journal={Geophysical Research Letters},
  volume={39},
  number={16},
  year={2012},
  publisher={Wiley Online Library}
}

@article{vishnampet2015practical,
  title={A practical discrete-adjoint method for high-fidelity compressible turbulence simulations},
  author={Vishnampet, Ramanathan and Bodony, Daniel J and Freund, Jonathan B},
  journal={Journal of Computational Physics},
  volume={285},
  pages={173--192},
  year={2015},
  publisher={Elsevier}
}

@article{wang2015multi,
  title={A multi-material level set-based topology and shape optimization method},
  author={Wang, Yiqiang and Luo, Zhen and Kang, Zhan and Zhang, Nong},
  journal={Computer Methods in Applied Mechanics and Engineering},
  volume={283},
  pages={1570--1586},
  year={2015},
  publisher={Elsevier}
}

@article{yang1998adjoint,
  title={The adjoint method for an inverse design problem in the directional solidification of binary alloys},
  author={Yang, George Z and Zabaras, Nicholas},
  journal={Journal of Computational Physics},
  volume={140},
  number={2},
  pages={432--452},
  year={1998},
  publisher={Elsevier}
}

@article{yu2005experimental,
  title={An experimental study of kerosene combustion in a supersonic model combustor using effervescent atomization},
  author={Yu, G and Li, JG and Zhao, JR and Yue, LJ and 
    Chang, XY and Sung, C-J},
  journal={Proceedings of the Combustion Institute},
  volume={30},
  number={2},
  pages={2859--2866},
  year={2005},
  publisher={Elsevier}
}

@article{zahr2016adjoint,
  title={An adjoint method for a high-order discretization of deforming domain conservation laws for optimization of flow problems},
  author={Zahr, Matthew J and Persson, P-O},
  journal={Journal of Computational Physics},
  volume={326},
  pages={516--543},
  year={2016},
  publisher={Elsevier}
}

@article{zenit2017hydrodynamic,
  title={Hydrodynamic Interactions Among Bubbles, Drops, and Particles in Non-Newtonian Liquids},
  author={Zenit, R and Feng, JJ},
  journal={Annual Review of Fluid Mechanics},
  number={0},
  year={2017},
  publisher={Annual Reviews 4139 El Camino Way, PO Box 10139, Palo Alto, California 94303-0139, USA}
}

@article{zhu2017two,
  title={Two-Scale Topology Optimization with Microstructures},
  author={Zhu, Bo and Skouras, M{\'e}lina and Chen, Desai and Matusik, Wojciech},
  journal={arXiv preprint arXiv:1706.03189},
  year={2017}
}

@article{zohdi2017computational,
  title={Computational modeling of electrically-driven deposition of ionized polydisperse particulate powder mixtures in advanced manufacturing processes},
  author={Zohdi, Tarek I},
  journal={Journal of Computational Physics},
  volume={340},
  pages={309--329},
  year={2017},
  publisher={Elsevier}
}


@article{li2016high,
  title={High fidelity simulation and analysis of liquid jet atomization in a gaseous crossflow at intermediate Weber numbers},
  author={Li, Xiaoyi and Soteriou, Marios C},
  journal={Physics of Fluids (1994-present)},
  volume={28},
  number={8},
  pages={082101},
  year={2016},
  publisher={AIP Publishing}
}

@article{li2016highshort,
  title={High fidelity simulation and analysis of liquid jet atomization in a gaseous crossflow at intermediate Weber numbers},
  author={X. Li and M. Soteriou},
  journal={Physics of Fluids (1994-present)},
  volume={28},
  number={8},
  pages={082101},
  year={2016},
  publisher={AIP Publishing}
}

@article{thomas2015estimation,
  title={Estimation of shear-induced lift force in laminar and turbulent flows},
  author={Thomas, Aaron M and Fang, Jun and Feng, Jinyong and Bolotnov, Igor A},
  journal={Nuclear Technology},
  volume={190},
  number={3},
  pages={274--291},
  year={2015},
  publisher={American Nuclear Society}
}

@article{thomas2015estimationshort,
  title={Estimation of shear-induced lift force in laminar and turbulent flows},
  author={A. Thomas and J. Fang and J. Feng and I. Bolotnov},
  journal={Nuclear Technology},
  volume={190},
  number={3},
  pages={274--291},
  year={2015},
  publisher={American Nuclear Society}
}

@article{ARIENTI2017205,
title = "A numerical study of the thermal transient in high-pressure diesel injection",
journal = "International Journal of Multiphase Flow",
volume = "88",
number = "Supplement C",
pages = "205 - 221",
year = "2017",
issn = "0301-9322",
doi = "https://doi.org/10.1016/j.ijmultiphaseflow.2016.09.017",
url = "http://www.sciencedirect.com/science/article/pii/S0301932216300520",
author = "Marco Arienti and Mark Sussman"
}

@article{Giles2016,
title = "This lab can create category 5 hurricanes and it aims to make our
 coastal and structures more resilient",
journal = "Popular Science",
number = "February, Environment",
year = "2016",
author = "Matt Giles"
}

@article{SAUTER2006354,
title = "Methane discharge from a deep-sea submarine mud volcano into the upper water column by gas hydrate-coated methane bubbles",
journal = "Earth and Planetary Science Letters",
volume = "243",
number = "3",
pages = "354 - 365",
year = "2006",
issn = "0012-821X",
doi = "https://doi.org/10.1016/j.epsl.2006.01.041",
url = "http://www.sciencedirect.com/science/article/pii/S0012821X0600077X",
author = "Eberhard J. Sauter and Sergey I. Muyakshin and Jean-Luc Charlou and Michael Schlüter and Antje Boetius and Kerstin Jerosch and Ellen Damm and Jean-Paul Foucher and Michael Klages",
keywords = "methane sources, plume, methane budget, submarine mud volcanoes, gas bubbles, gas hydrates, hydro-acoustics"
}

@article{WARRIER2015781,
title = "Nucleate Pool Boiling eXperiment (NPBX) in microgravity: International Space Station",
journal = "International Journal of Heat and Mass Transfer",
volume = "83",
number = "Supplement C",
pages = "781 - 798",
year = "2015",
issn = "0017-9310",
doi = "https://doi.org/10.1016/j.ijheatmasstransfer.2014.12.054",
url = "http://www.sciencedirect.com/science/article/pii/S0017931014011624",
author = "Gopinath R. Warrier and Vijay K. Dhir and David F. Chao",
keywords = "Natural convection, Nucleate boiling, Maximum heat flux, Microgravity"
}

@article{MURR20121,
title = "Metal Fabrication by Additive Manufacturing Using Laser and Electron Beam Melting Technologies",
journal = "Journal of Materials Science and Technology",
volume = "28",
number = "1",
pages = "1 - 14",
year = "2012",
issn = "1005-0302",
doi = "https://doi.org/10.1016/S1005-0302(12)60016-4",
url = "http://www.sciencedirect.com/science/article/pii/S1005030212600164",
author = "Lawrence E. Murr and Sara M. Gaytan and Diana A. Ramirez and Edwin Martinez and Jennifer Hernandez and Krista N. Amato and Patrick W. Shindo and Francisco R. Medina and Ryan B. Wicker",
keywords = "Selective laser melting, Electron beam melting, Additive manufacturing, Microstructures, Microstructural architecture"
}


@inproceedings{NolanLianSussman2017,
        author={T. Nolan and Yongsheng Lian and Mark Sussman},
        title={A fast simulation tool for selective laser melting additive
         manufacturing},
        booktitle={proceedings of Solid Freeform Fabrication Symposium}, 
        year={2017} }

@article{zhang2016boxlib,
  title={BoxLib with Tiling: An Adaptive Mesh Refinement Software Framework},
  author={Zhang, Weiqun and Almgren, Ann and Day, Marcus and Nguyen, Tan and Shalf, John and Unat, Didem},
  journal={SIAM Journal on Scientific Computing},
  volume={38},
  number={5},
  pages={S156--S172},
  year={2016},
  publisher={SIAM}
}

@book{alifanov1995extreme,
  title={Extreme methods for solving ill-posed problems with applications to inverse heat transfer problems},
  author={Alifanov, Oleg Mikhauilovich and Artiu︡khin, 
   Evgeniui Alekseevich and Rumia︡nts︡ev, Sergeui Vladimirovich},
  year={1995},
  publisher={Begell house New York}
}

@article{HUANG19993387,
title = "A three-dimensional inverse heat conduction problem in estimating surface heat flux by conjugate gradient method",
journal = "International Journal of Heat and Mass Transfer",
volume = "42",
number = "18",
pages = "3387 - 3403",
year = "1999",
issn = "0017-9310",
doi = "https://doi.org/10.1016/S0017-9310(99)00020-4",
url = "http://www.sciencedirect.com/science/article/pii/S0017931099000204",
author = "Cheng-Hung Huang and Shao-Pei Wang"
}

@article{dewar2016semicompressible,
  title={Semicompressible Ocean Thermodynamics and Boussinesq Energy Conservation},
  author={Dewar, William K and Schoonover, Joseph and McDougall, Trevor and Klein, Rupert},
  journal={Fluids},
  volume={1},
  number={2},
  pages={9},
  year={2016},
  publisher={Multidisciplinary Digital Publishing Institute}
}

@inproceedings{LosassoETAL2004, 
author = {Losasso, Frank and Gibou, Fr\'{e}d\'{e}ric and Fedkiw, Ron}, 
title = {Simulating Water and Smoke with an Octree Data Structure}, 
year = {2004}, 
isbn = {9781450378239}, 
publisher = {Association for Computing Machinery}, 
address = {New York, NY, USA}, 
url = {https://doi.org/10.1145/1186562.1015745}, 
doi = {10.1145/1186562.1015745}, 
pages = {457–462}, 
numpages = {6}, 
keywords = {particles, level set, water, adaptive mesh refinement, smoke, octree data structure, physics-based animation}, 
location = {Los Angeles, California}, 
series = {SIGGRAPH '04} }

@article{gibou2007level,
  title={A level set based sharp interface method for the multiphase incompressible Navier--Stokes equations with phase change},
  author={Gibou, Fr{\'e}d{\'e}ric and Chen, Liguo and Nguyen, Duc and Banerjee, Sanjoy},
  journal={Journal of Computational Physics},
  volume={222},
  number={2},
  pages={536--555},
  year={2007},
  publisher={Elsevier}
}

@article{qiu2002single,
  title={Single-bubble dynamics during pool boiling under low gravity conditions},
  author={Qiu, DM and Dhir, VK and Chao, D and Hasan, MM and Neumann, E and Yee, G and Birchenough, A},
  journal={Journal of thermophysics and heat transfer},
  volume={16},
  number={3},
  pages={336--345},
  year={2002}
}

@article{johansen1998cartesian,
  title={A Cartesian grid embedded boundary method for Poisson's equation on irregular domains},
  author={Johansen, Hans and Colella, Phillip},
  journal={Journal of Computational Physics},
  volume={147},
  number={1},
  pages={60--85},
  year={1998},
  publisher={Elsevier}
}

@article{johansen1999cartesian,
  title={Cartesian grid embedded boundary finite difference methods for elliptic and parabolic partial differential equations on irregular domains.},
  author={Johansen, Hans Svend},
  year={1999}
}

@article{Lizhilin,
  title={A fast iterative algorithm for elliptic interface problems},
  author={Li, Zhilin},
  journal={SIAM Journal on Numerical Analysis},
  volume={35},
  number={1},
  pages={230--254},
  year={1998},
  publisher={SIAM}
}


@article{LevequeLi,
  title={The immersed interface method for elliptic equations with discontinuous coefficients and singular sources},
  author={Leveque, Randall J and Li, Zhilin},
  journal={SIAM Journal on Numerical Analysis},
  volume={31},
  number={4},
  pages={1019--1044},
  year={1994},
  publisher={SIAM}
}

@article{Gibou,
  title={A second-order-accurate symmetric discretization of the Poisson equation on irregular domains},
  author={Gibou, Frederic and Fedkiw, Ronald P and Cheng, Li-Tien and Kang, Myungjoo},
  journal={Journal of Computational Physics},
  volume={176},
  number={1},
  pages={205--227},
  year={2002},
  publisher={Elsevier}
}

@article{Hellrung,
  title={A second order virtual node method for elliptic problems with interfaces and irregular domains in three dimensions},
  author={Hellrung Jr, Jeffrey Lee and Wang, Luming and Sifakis, Eftychios and Teran, Joseph M},
  journal={Journal of Computational Physics},
  volume={231},
  number={4},
  pages={2015--2048},
  year={2012},
  publisher={Elsevier}
}

@article{kikinzon2017approximate,
  title={Approximate static condensation algorithm for solving multi-material diffusion problems on meshes non-aligned with material interfaces},
  author={Kikinzon, Evgeny and Kuznetsov, Yuri and Lipnikov, Konstatin and Shashkov, Mikhail},
  journal={Journal of Computational Physics},
  volume={347},
  pages={416--436},
  year={2017},
  publisher={Elsevier}
}

@article{Alauzet,
  title={A decade of progress on anisotropic mesh adaptation for computational fluid dynamics},
  author={Alauzet, Fr{\'e}d{\'e}ric and Loseille, Adrien},
  journal={Computer-Aided Design},
  volume={72},
  pages={13--39},
  year={2016},
  publisher={Elsevier}
}

@article{SonDhir,
  title={Numerical simulation of nucleate boiling on a horizontal surface at high heat fluxes},
  author={Son, Gihun and Dhir, Vijay K},
  journal={International Journal of heat and Mass transfer},
  volume={51},
  number={9-10},
  pages={2566--2582},
  year={2008},
  publisher={Elsevier}
}

@article{son2007level,
  title={A level set method for analysis of film boiling on an immersed solid surface},
  author={Son, Gihun and Dhir, Vijay K},
  journal={Numerical Heat Transfer, Part B: Fundamentals},
  volume={52},
  number={2},
  pages={153--177},
  year={2007},
  publisher={Taylor \& Francis}
}

@article{stephan1992analysis,
  title={Analysis of the heat transfer coefficient of grooved heat pipe evaporator walls},
  author={Stephan, PC and Busse, CA},
  journal={International Journal of heat and mass transfer},
  volume={35},
  number={2},
  pages={383--391},
  year={1992},
  publisher={Elsevier}
}

@article{guittet2015solving,
  title={Solving elliptic problems with discontinuities on irregular domains--the Voronoi Interface Method},
  author={Guittet, Arthur and Lepilliez, Mathieu and Tanguy, Sebastien and Gibou, Fr{\'e}d{\'e}ric},
  journal={Journal of Computational Physics},
  volume={298},
  pages={747--765},
  year={2015},
  publisher={Elsevier}
}

@article{Liu:2016:SSF:2980179.2982430,
 author = {Liu, Haixiang and Mitchell, Nathan and Aanjaneya, Mridul and Sifakis, Eftychios},
 title = {A Scalable Schur-complement Fluids Solver for Heterogeneous Compute Platforms},
 journal = {ACM Trans. Graph.},
 issue_date = {November 2016},
 volume = {35},
 number = {6},
 month = nov,
 year = {2016},
 issn = {0730-0301},
 pages = {201:1--201:12},
 articleno = {201},
 numpages = {12},
 url = {http://doi.acm.org/10.1145/2980179.2982430},
 doi = {10.1145/2980179.2982430},
 acmid = {2982430},
 publisher = {ACM},
 address = {New York, NY, USA},
 keywords = {GPU, domain decomposition, fluid simulation, heterogeneous computing, multigrid, preconditioner, pressure projection},
} 

@article{zhu2014codimensional,
  title={Codimensional surface tension flow on simplicial complexes},
  author={Zhu, Bo and Quigley, Ed and Cong, Matthew and Solomon, Justin and Fedkiw, Ronald},
  journal={ACM Transactions on Graphics (TOG)},
  volume={33},
  number={4},
  pages={111},
  year={2014},
  publisher={ACM}
}

@article{lee2018skinned,
  title={A skinned tetrahedral mesh for hair animation and hair-water interaction},
  author={Lee, Minjae and Hyde, David and Bao, Michael and Fedkiw, Ronald},
  journal={IEEE transactions on visualization and computer graphics},
  volume={25},
  number={3},
  pages={1449--1459},
  year={2018},
  publisher={IEEE}
}

@article{lee2019robust,
  title={A Robust Volume Conserving Method for Character-Water Interaction},
  author={Lee, Minjae and Hyde, David and Li, Kevin and Fedkiw, Ronald},
  journal={arXiv preprint arXiv:1902.00801},
  year={2019}
}

@article{warzinski2014dynamic,
  title={Dynamic morphology of gas hydrate on a methane bubble in water: Observations and new insights for hydrate film models},
  author={Warzinski, Robert P and Lynn, Ronald and Haljasmaa, Igor and Leifer, Ira and Shaffer, Frank and Anderson, Brian J and Levine, Jonathan S},
  journal={Geophysical Research Letters},
  volume={41},
  number={19},
  pages={6841--6847},
  year={2014},
  publisher={Wiley Online Library}
}

@article{christiansen1994mechanisms,
  title={Mechanisms and kinetics of hydrate formation},
  author={Christiansen, Richard L and Sloan Jr, E Dendy},
  journal={Annals of the New York Academy of Sciences},
  volume={715},
  number={1},
  pages={283--305},
  year={1994},
  publisher={Wiley Online Library}
}

@article{matsumoto2002molecular,
  title={Molecular dynamics simulation of the ice nucleation and growth process leading to water freezing},
  author={Matsumoto, Masakazu and Saito, Shinji and Ohmine, Iwao},
  journal={Nature},
  volume={416},
  number={6879},
  pages={409},
  year={2002},
  publisher={Nature Publishing Group}
}
@article{gordon2000simulation,
  title={The simulation of SST, sea ice extents and ocean heat transports in a version of the Hadley Centre coupled model without flux adjustments},
  author={Gordon, Chris and Cooper, Claire and Senior, Catherine A and Banks, Helene and Gregory, Jonathan M and Johns, Timonthy C and Mitchell, John FB and Wood, Richard A},
  journal={Climate dynamics},
  volume={16},
  number={2-3},
  pages={147--168},
  year={2000},
  publisher={Springer}
}

@article{khalloufi2016high,
  title={High fidelity anisotropic adaptive variational multiscale method for multiphase flows with surface tension},
  author={Khalloufi, Mehdi and Mesri, Youssef and Valette, Rudy and Massoni, Elisabeth and Hachem, Elie},
  journal={Computer Methods in Applied Mechanics and Engineering},
  volume={307},
  pages={44--67},
  year={2016},
  publisher={Elsevier}
}

@article{papac2013level,
  title={A level set approach for diffusion and Stefan-type problems with Robin boundary conditions on quadtree/octree adaptive Cartesian grids},
  author={Papac, Joseph and Helgadottir, Asdis and Ratsch, Christian and Gibou, Frederic},
  journal={Journal of Computational Physics},
  volume={233},
  pages={241--261},
  year={2013},
  publisher={Elsevier}
}

@article{chessa2002extended,
  title={The extended finite element method (XFEM) for solidification problems},
  author={Chessa, Jack and Smolinski, Patrick and Belytschko, Ted},
  journal={International Journal for Numerical Methods in Engineering},
  volume={53},
  number={8},
  pages={1959--1977},
  year={2002},
  publisher={Wiley Online Library}
}

@article{losasso2006spatially,
  title={Spatially adaptive techniques for level set methods and incompressible flow},
  author={Losasso, Frank and Fedkiw, Ronald and Osher, Stanley},
  journal={Computers \& Fluids},
  volume={35},
  number={10},
  pages={995--1010},
  year={2006},
  publisher={Elsevier}
}

@article{garimella2011solution,
  title={Solution of the diffusion equation in multi-material domains by sub-division of elements along reconstructed interfaces},
  author={Garimella, RV and Lipnikov, Konstatin},
  journal={International Journal for Numerical Methods in Fluids},
  volume={65},
  number={11-12},
  pages={1423--1437},
  year={2011},
  publisher={Wiley Online Library}
}

@article{dai2015second,
  title={Second-order accurate interface-and discontinuity-aware diffusion solvers in two and three dimensions},
  author={Dai, William W and Scannapieco, Anthony J},
  journal={Journal of Computational Physics},
  volume={281},
  pages={982--1002},
  year={2015},
  publisher={Elsevier}
}

@article{dawes2017three,
  title={Three-dimensional multi-material polyhedral method for diffusion},
  author={Dawes, AS},
  journal={Computers \& Fluids},
  volume={156},
  pages={485--495},
  year={2017},
  publisher={Elsevier}
}
@article{qin2017cartesian,
  title={A Cartesian grid nonconforming immersed finite element method for planar elasticity interface problems},
  author={Qin, Fangfang and Chen, Jinru and Li, Zhilin and Cai, Mingchao},
  journal={Computers \& Mathematics with Applications},
  volume={73},
  number={3},
  pages={404--418},
  year={2017},
  publisher={Elsevier}
}

@article{voller2008enthalpy,
  title={An enthalpy method for modeling dendritic growth in a binary alloy},
  author={Voller, Vaughan R},
  journal={International Journal of Heat and Mass Transfer},
  volume={51},
  number={3-4},
  pages={823--834},
  year={2008},
  publisher={Elsevier}
}

@article{beckett2001moving,
  title={A moving mesh finite element method for the solution of two-dimensional Stefan problems},
  author={Beckett, G and Mackenzie, John A and Robertson, ML},
  journal={Journal of Computational Physics},
  volume={168},
  number={2},
  pages={500--518},
  year={2001},
  publisher={Elsevier}
}


@article{van1992bi,
  title={Bi-CGSTAB: A fast and smoothly converging variant of Bi-CG for the solution of nonsymmetric linear systems},
  author={Van der Vorst, Henk A},
  journal={SIAM Journal on scientific and Statistical Computing},
  volume={13},
  number={2},
  pages={631--644},
  year={1992},
  publisher={SIAM}
}

@article{kikinzon2018establishing,
  title={Establishing mesh topology in multi-material cells: Enabling technology for robust and accurate multi-material simulations},
  author={Kikinzon, Evgeny and Shashkov, Mikhail and Garimella, Rao},
  journal={Computers \& Fluids},
  volume={172},
  pages={251--263},
  year={2018},
  publisher={Elsevier}
}

@article{zhiliakov2019higher,
  title={A higher order approximate static condensation method for multi-material diffusion problems},
  author={Zhiliakov, Alexander and Svyatskiy, Daniil and Olshanskii, Maxim and Kikinzon, Evgeny and Shashkov, Mikhail},
  journal={Journal of Computational Physics},
  year={2019},
  publisher={Elsevier}
}

@article{erlangga2006novel,
  title={A novel multigrid based preconditioner for heterogeneous Helmholtz problems},
  author={Erlangga, Yogi A and Oosterlee, Cornelis W and Vuik, Cornelis},
  journal={SIAM Journal on Scientific Computing},
  volume={27},
  number={4},
  pages={1471--1492},
  year={2006},
  publisher={SIAM}
}

@techreport{AMRexparticle,
author = "AMReX Team",
title = "GitHub: The Particle from AMRex user manual",
institution = "Center for Computational Science and Engineering, LBNL",
year="2018",
url="https://amrex-codes.github.io/amrex/docs_html/Particle_Chapter.html"
}

@article{voller1987enthalpy,
  title={An enthalpy method for convection/diffusion phase change},
  author={Voller, Vaughan R and Cross, M and Markatos, NC},
  journal={International journal for numerical methods in engineering},
  volume={24},
  number={1},
  pages={271--284},
  year={1987},
  publisher={Wiley Online Library}
}

@article{shastri1998method,
  title={Method of lines and enthalpy method for solving moving boundary problems},
  author={Shastri, S Srinivas and Allen, RM},
  journal={International communications in heat and mass transfer},
  volume={25},
  number={4},
  pages={531--540},
  year={1998},
  publisher={Elsevier}
}

@article{tryggvason2001front,
  title={A front-tracking method for the computations of multiphase flow},
  author={Tryggvason, Gr{\'e}tar and Bunner, Bernard and Esmaeeli, Asghar and Juric, Damir and Al-Rawahi, N and Tauber, W and Han, J and Nas, S and Jan, Y-J},
  journal={Journal of computational physics},
  volume={169},
  number={2},
  pages={708--759},
  year={2001},
  publisher={Elsevier}
}

@article{chen1997simple,
  title={A simple level set method for solving Stefan problems},
  author={Chen, S and Merriman, B and Osher, S and Smereka, P},
  journal={Journal of Computational Physics},
  volume={135},
  number={1},
  pages={8--29},
  year={1997},
  publisher={Elsevier}
}
@article{gibou2005fourth,
  title={A fourth order accurate discretization for the Laplace and heat equations on arbitrary domains, with applications to the Stefan problem},
  author={Gibou, Fr{\'e}d{\'e}ric and Fedkiw, Ronald},
  journal={Journal of Computational Physics},
  volume={202},
  number={2},
  pages={577--601},
  year={2005},
  publisher={Elsevier}
}

@article{liu2020moment,
  title={A moment-of-fluid method for diffusion equations on irregular domains in multi-material systems},
  author={Liu, Yang and Sussman, Mark and Lian, Yongsheng and Hussaini, M Yousuff},
  journal={Journal of Computational Physics},
  volume={402},
  pages={109017},
  year={2020},
  publisher={Elsevier}
}

@article{kundan2015effect,
  title={Effect of capillary and Marangoni forces on transport phenomena in microgravity},
  author={Kundan, Akshay and Plawsky, Joel L and Wayner Jr, Peter C},
  journal={Langmuir},
  volume={31},
  number={19},
  pages={5377--5386},
  year={2015},
  publisher={ACS Publications}
}

@article{yazdani2015prediction,
  title={Prediction of the thermo-fluids of gearbox systems},
  author={Yazdani, Miad and Soteriou, Marios C and Sun, Fanping and Chaudhry, Zaffir},
  journal={International Journal of Heat and Mass Transfer},
  volume={81},
  pages={337--346},
  year={2015},
  publisher={Elsevier}
}

@article{fedkiw1999non,
  title={A non-oscillatory Eulerian approach to interfaces in multimaterial flows (the ghost fluid method)},
  author={Fedkiw, Ronald P and Aslam, Tariq and Merriman, Barry and Osher, Stanley and others},
  journal={Journal of computational physics},
  volume={152},
  number={2},
  pages={457--492},
  year={1999},
  publisher={Citeseer}
}

@article{zou2016steady,
  title={Steady state vapor bubble in pool boiling},
  author={Zou, An and Chanana, Ashish and Agrawal, Amit and Wayner Jr, Peter C and Maroo, Shalabh C},
  journal={Scientific reports},
  volume={6},
  pages={20240},
  year={2016},
  publisher={Nature Publishing Group}
}
@article{faghri2012review,
  title={Review and advances in heat pipe science and technology},
  author={Faghri, Amir},
  journal={Journal of heat transfer},
  volume={134},
  number={12},
  year={2012},
  publisher={American Society of Mechanical Engineers Digital Collection}
}

@inproceedings{das2010b,
  title={b,“Parametric Study of a Two-phase Oscillating Flow in a Capillary Tube,”},
  author={Das, Shyama Prasad and Lef{\`e}vre, Fr{\'e}d{\'e}ric and Bonjour, Jocelyn and Khandekar, Sameer},
  booktitle={Proceedings of 15th International Heat Pipe Conference},
  year={2010}
}
@article{ronquist1987legendre,
  title={A Legendre spectral element method for the Stefan problem},
  author={R{\o}nquist, Einar M and Patera, Anthony T},
  journal={International journal for numerical methods in engineering},
  volume={24},
  number={12},
  pages={2273--2299},
  year={1987},
  publisher={Wiley Online Library}
}

@article{hohmann2002microscale,
  title={Microscale temperature measurement at an evaporating liquid meniscus},
  author={H{\"o}hmann, C and Stephan, P},
  journal={Experimental Thermal and Fluid Science},
  volume={26},
  number={2-4},
  pages={157--162},
  year={2002},
  publisher={Elsevier}
}
@article{panchamgam2008comprehensive,
  title={Comprehensive experimental and theoretical study of fluid flow and heat transfer in a microscopic evaporating meniscus in a miniature heat exchanger},
  author={Panchamgam, Sashidhar S and Chatterjee, Arya and Plawsky, Joel L and Wayner Jr, Peter C},
  journal={International Journal of Heat and Mass Transfer},
  volume={51},
  number={21-22},
  pages={5368--5379},
  year={2008},
  publisher={Elsevier}
}

@article{maydanik2005loop,
  title={Loop heat pipes},
  author={Maydanik, Yu F},
  journal={Applied thermal engineering},
  volume={25},
  number={5-6},
  pages={635--657},
  year={2005},
  publisher={Elsevier}
}

@article{frank1950radially,
  title={Radially symmetric phase growth controlled by diffusion},
  author={Frank, Frederick Charles},
  journal={Proceedings of the Royal Society of London. Series A. Mathematical and Physical Sciences},
  volume={201},
  number={1067},
  pages={586--599},
  year={1950},
  publisher={The Royal Society London}
}

@article{mullins1963morphological,
  title={Morphological stability of a particle growing by diffusion or heat flow},
  author={Mullins, William W and Sekerka, Robert F},
  journal={Journal of applied physics},
  volume={34},
  number={2},
  pages={323--329},
  year={1963},
  publisher={American Institute of Physics}
}

@article{mullins1964stability,
  title={Stability of a planar interface during solidification of a dilute binary alloy},
  author={Mullins, William W and Sekerka, RF},
  journal={Journal of applied physics},
  volume={35},
  number={2},
  pages={444--451},
  year={1964},
  publisher={American Institute of Physics}
}

@article{almgren1993variational,
  title={Variational algorithms and pattern formation in dendritic solidification},
  author={Almgren, Robert},
  journal={Journal of computational physics},
  volume={106},
  number={2},
  pages={337--354},
  year={1993},
  publisher={Citeseer}
}

@article{almgren1993curvature,
  title={Curvature-driven flows: a variational approach},
  author={Almgren, Fred and Taylor, Jean E and Wang, Lihe},
  journal={SIAM Journal on Control and Optimization},
  volume={31},
  number={2},
  pages={387--438},
  year={1993},
  publisher={SIAM}
}

@book{meirmanov2011stefan,
  title={The Stefan Problem},
  author={Meirmanov, Anvarbek Mukatovich},
  volume={3},
  year={2011},
  publisher={Walter de Gruyter}
}

@article{XIONG2018299,
title = "Numerical simulation of grain boundary carbides evolution in 316H stainless steel",
journal = "Journal of Nuclear Materials",
volume = "508",
pages = "299 - 309",
year = "2018",
issn = "0022-3115",
doi = "https://doi.org/10.1016/j.jnucmat.2018.05.074",
url = "http://www.sciencedirect.com/science/article/pii/S0022311518301788",
author = "Qingrong Xiong and Joseph D. Robson and Litao Chang and Jonathan W. Fellowes and Mike C. Smith",
keywords = "316 stainless steel, Carbides, Thermal ageing, Numerical simulation",
abstract = "In the present work, a numerical model based on the coupling of Kampmann and Wagner Numerical (KWN) framework and thermodynamic software ThermoCalc has been developed to predict grain boundary precipitate evolution in 316H stainless steel during thermal aging. The model is calibrated and validated against precipitate size distributions obtained by accelerated isothermal heat treatment and analysed using scanning electron microscopy (SEM). Elemental distribution was also investigated using electron microprobe analysis (EPMA). The predicted average particle size, particle size distribution and precipitate number density predicted by the model were found to be in good agreement with the experimental results. The model was then applied to predict the particle size distribution after several years exposure at service temperature. It is demonstrated that these predictions are consistent with measurements from a service-exposed part. The sensitivity of the precipitate size distribution to temperature is emphasised, and it is demonstrated that the model has potential as a useful tool for predicting evolution of the precipitate size distribution during service, providing reliable thermal data are available for the whole service life."
}

@techreport{rodgers2017numerical,
  title={NUMERICAL SIMULATION OF MICROSTRUCTURAL EVOLUTION DURING ADDITIVE MANUFACTURING OF METALS.},
  author={Rodgers, Theron and Madison, Jonathan D and Mitchell, John A and Tikare, Veena},
  year={2017},
  institution={Sandia National Lab.(SNL-NM), Albuquerque, NM (United States)}
}

@article{juric1996front,
  title={A front-tracking method for dendritic solidification},
  author={Juric, Damir and Tryggvason, Gr{\'e}tar},
  journal={Journal of computational physics},
  volume={123},
  number={1},
  pages={127--148},
  year={1996},
  publisher={Elsevier}
}

@article{wang2020numerical,
  title={Numerical Simulation of Supercooled Water Droplets Impacting Ice with Rapid Crystal Growth Taken into Consideration},
  author={Wang, Tianbao and Ai, Liqiang and Zhou, Yusi and Chen, Min},
  journal={Langmuir},
  year={2020},
  publisher={ACS Publications}
}

@article{luo2019influence,
  title={Influence of pressure-dependent surface viscosity on dynamics of surfactant-laden drops in shear flow},
  author={Luo, Zheng Yuan and Shang, Xing Long and Bai, Bo Feng},
  journal={Journal of Fluid Mechanics},
  volume={858},
  pages={91--121},
  year={2019},
  publisher={Cambridge University Press}
}

@article{martin2019simulations,
  title={Simulations of clean drops rising into a layer of dissolved surfactant},
  author={Martin, David W and George, Tamunotubo and Blanchette, Fran{\c{c}}ois},
  journal={Physical Review Fluids},
  volume={4},
  number={1},
  pages={014302},
  year={2019},
  publisher={APS}
}

@article{moreau2019explosive,
  title={Explosive Leidenfrost droplets},
  author={Moreau, Florian and Colinet, Pierre and Dorbolo, St{\'e}phane},
  journal={Physical Review Fluids},
  volume={4},
  number={1},
  pages={013602},
  year={2019},
  publisher={APS}
}

@article{thiele2018equilibrium,
  title={Equilibrium contact angle and adsorption layer properties with surfactants},
  author={Thiele, Uwe and Snoeijer, Jacco H and Trinschek, Sarah and John, Karin},
  journal={Langmuir},
  volume={34},
  number={24},
  pages={7210--7221},
  year={2018},
  publisher={ACS Publications}
}

@article{fulgosi2003direct,
  title={Direct numerical simulation of turbulence in a sheared air--water flow with a deformable interface},
  author={Fulgosi, M and Lakehal, D and Banerjee, S and De Angelis, V},
  journal={Journal of fluid mechanics},
  volume={482},
  pages={319--345},
  year={2003},
  publisher={Cambridge University Press}
}

@article{lakehal2018highly,
  title={Highly-resolved LES of turbulent convective flow along a PWR rod bundle},
  author={Lakehal, Djamel},
  journal={International Journal of Heat and Mass Transfer},
  volume={122},
  pages={785--794},
  year={2018},
  publisher={Elsevier}
}

@article{lakehal2018status,
  title={Status and future developments of Large-Eddy Simulation of turbulent multi-fluid flows (LEIS and LESS)},
  author={Lakehal, Djamel},
  journal={International Journal of Multiphase Flow},
  volume={104},
  pages={322--337},
  year={2018},
  publisher={Elsevier}
}

@article{vuik1993some,
  title={Some historical notes about the Stefan problem},
  author={Vuik, Cornelis},
  year={1993},
  publisher={Delft University of Technology, Faculty of Technical Mathematics and Informatics}
}


@article{yang2006steady,
  title={Steady three-dimensional thermocapillary flows and dryout inside a V-shaped wedge},
  author={Yang, Li and Homsy, GM},
  journal={Physics of Fluids},
  volume={18},
  number={4},
  pages={042107},
  year={2006},
  publisher={American Institute of Physics}
}
@article{markos2006steady,
  title={Steady flow and evaporation of a volatile liquid in a wedge},
  author={Markos, Mulugeta and Ajaev, Vladimir S and Homsy, GM},
  journal={Physics of Fluids},
  volume={18},
  number={9},
  pages={092102},
  year={2006},
  publisher={American Institute of Physics}
}
@article{savino2006marangoni,
  title={Marangoni effect and heat pipe dry-out},
  author={Savino, R and Paterna, D},
  journal={Physics of Fluids},
  volume={18},
  number={11},
  pages={118103},
  year={2006},
  publisher={American Institute of Physics}
}


@article{kundan2016arresting,
  title={Arresting the phenomenon of heater flooding in a wickless heat pipe in microgravity},
  author={Kundan, Akshay and Nguyen, Thao TT and Plawsky, Joel L and Wayner Jr, Peter C and Chao, David F and Sicker, Ronald J},
  journal={International Journal of Multiphase Flow},
  volume={82},
  pages={65--73},
  year={2016},
  publisher={Elsevier}
}

@article{koo2010firebrands,
  title={Firebrands and spotting ignition in large-scale fires},
  author={Koo, Eunmo and Pagni, Patrick J and Weise, David R and Woycheese, John P},
  journal={International Journal of Wildland Fire},
  volume={19},
  number={7},
  pages={818--843},
  year={2010},
  publisher={CSIRO}
}

@article{khalloufi2020adaptive,
  title={Adaptive Eulerian framework for boiling and evaporation},
  author={Khalloufi, Mehdi and Valette, Rudy and Hachem, Elie},
  journal={Journal of Computational Physics},
  volume={401},
  pages={109030},
  year={2020},
  publisher={Elsevier}
}
@article{tanguy2007level,
  title={A level set method for vaporizing two-phase flows},
  author={Tanguy, S{\'e}bastien and M{\'e}nard, Thibaut and Berlemont, Alain},
  journal={Journal of Computational Physics},
  volume={221},
  number={2},
  pages={837--853},
  year={2007},
  publisher={Elsevier}
}
@article{villegas2016ghost,
  title={A ghost fluid/level set method for boiling flows and liquid evaporation: application to the Leidenfrost effect},
  author={Villegas, Lucia Rueda and Alis, Romain and Lepilliez, Mathieu and Tanguy, S{\'e}bastien},
  journal={Journal of Computational Physics},
  volume={316},
  pages={789--813},
  year={2016},
  publisher={Elsevier}
}
@article{diot2016interface,
		title={An interface reconstruction method based on an analytical formula for 3D arbitrary convex cells},
		author={Diot, Steven and Fran{\c{c}}ois, Marianne M},
		journal={Journal of Computational Physics},
		volume={305},
		pages={63--74},
		year={2016},
		publisher={Elsevier}
	}
@article{lemoine2017moment,
  title={Moment-of-fluid analytic reconstruction on 2D Cartesian grids},
  author={Lemoine, Antoine and Glockner, St{\'e}phane and Breil, J{\'e}r{\^o}me},
  journal={Journal of Computational Physics},
  volume={328},
  pages={131--139},
  year={2017},
  publisher={Elsevier}
}
@article{milcent2020moment,
  title={Moment-of-fluid analytic reconstruction on 3D rectangular hexahedrons},
  author={Milcent, Thomas and Lemoine, Antoine},
  journal={Journal of Computational Physics},
  volume={409},
  pages={109346},
  year={2020},
  publisher={Elsevier}
}

@article{cooper1969microlayer,
  title={The microlayer in nucleate pool boiling},
  author={Cooper, MG and Lloyd, AJP},
  journal={International Journal of Heat and Mass Transfer},
  volume={12},
  number={8},
  pages={895--913},
  year={1969},
  publisher={Elsevier}
}
@article{jung2014experimental,
  title={An experimental method to simultaneously measure the dynamics and heat transfer associated with a single bubble during nucleate boiling on a horizontal surface},
  author={Jung, Satbyoul and Kim, Hyungdae},
  journal={International Journal of Heat and Mass Transfer},
  volume={73},
  pages={365--375},
  year={2014},
  publisher={Elsevier}
}
@article{utaka2013microlayer,
  title={Microlayer structure in nucleate boiling of water and ethanol at atmospheric pressure},
  author={Utaka, Yoshio and Kashiwabara, Yuki and Ozaki, Michio},
  journal={International Journal of Heat and Mass Transfer},
  volume={57},
  number={1},
  pages={222--230},
  year={2013},
  publisher={Elsevier}
}

@article{van1975bubble,
  title={Bubble growth rates in pure and binary systems: combined effect of relaxation and evaporation microlayers},
  author={Van Stralen, SJD and Sohal, MS and Cole, R and Sluyter, WM},
  journal={International Journal of Heat and Mass Transfer},
  volume={18},
  number={3},
  pages={453--467},
  year={1975},
  publisher={Elsevier}
}

@article{hansch2019microlayer,
  title={Microlayer formation and depletion beneath growing steam bubbles},
  author={H{\"a}nsch, Susann and Walker, Simon},
  journal={International Journal of Multiphase Flow},
  volume={111},
  pages={241--263},
  year={2019},
  publisher={Elsevier}
}

@article{olander1969analytical,
  title={An analytical expression of microlayer thickness in nucleate boiling},
  author={Olander, RR and Watts, RG},
  year={1969}
}

@article{wayner1976interline,
  title={The interline heat-transfer coefficient of an evaporating wetting film},
  author={Wayner Jr, PC and Kao, YK and LaCroix, LV},
  journal={International Journal of Heat and Mass Transfer},
  volume={19},
  number={5},
  pages={487--492},
  year={1976},
  publisher={Elsevier}
}

@article{andriotis2008vortex,
  title={Vortex flow and cavitation in diesel injector nozzles},
  author={Andriotis, A and Gavaises, M and Arcoumanis, C},
  journal={Journal of Fluid Mechanics},
  volume={610},
  pages={195--215},
  year={2008},
  publisher={Cambridge University Press}
}
@article{arcoumanis2001visualisation,
  title={Visualisation of cavitation in diesel engine injectors},
  author={Arcoumanis, C and Gavaises, M and Flora, H and Roth, H},
  journal={M{\'e}canique \& industries},
  volume={2},
  number={5},
  pages={375--381},
  year={2001},
  publisher={Elsevier}
}

@article{roth2002cavitation,
  title={Cavitation initiation, its development and link with flow turbulence in diesel injector nozzles},
  author={Roth, H and Gavaises, M and Arcoumanis, C},
  journal={SAE Transactions},
  pages={561--580},
  year={2002},
  publisher={JSTOR}
}

@article{wang2001dynamics,
  title={Dynamics of attached turbulent cavitating flows},
  author={Wang, Guoyu and Senocak, Inanc and Shyy, Wei and Ikohagi, Toshiaki and Cao, Shuliang},
  journal={Progress in Aerospace sciences},
  volume={37},
  number={6},
  pages={551--581},
  year={2001},
  publisher={Elsevier}
}

@article{fan2012numerical,
  title={Numerical modeling of the additive manufacturing (AM) processes of titanium alloy},
  author={Fan, Zhiqiang and Liou, Frank},
  journal={Titanium alloys--towards achieving enhanced properties for diversified applications},
  pages={3--28},
  year={2012},
  publisher={INTECHOPEN. COM Rijeka, Croatia}
}

@techreport{kobryn2006additive,
  title={Additive manufacturing of aerospace alloys for aircraft structures},
  author={Kobryn, PA and Ontko, NR and Perkins, LP and Tiley, JS},
  year={2006},
  institution={Air Force Research Lab Wright-Patterson AFB OH Materials and Manufacturing~…}
}

@article{abubakar2019splats,
  title={Splats Formation, Interaction and Residual Stress Evolution in Thermal Spray Coating Using a Hybrid Computational Model},
  author={Abubakar, Abba A and Arif, Abul Fazal M and Akhtar, Syed Sohail and Mostaghimi, Javad},
  journal={Journal of Thermal Spray Technology},
  volume={28},
  number={3},
  pages={359--377},
  year={2019},
  publisher={Springer}
}

@book{pawlowski2008science,
  title={The science and engineering of thermal spray coatings},
  author={Pawlowski, Lech},
  year={2008},
  publisher={John Wiley \& Sons}
}

@article{kruth2005binding,
  title={Binding mechanisms in selective laser sintering and selective laser melting},
  author={Kruth, Jean-Pierre and Mercelis, Peter and Vaerenbergh, J Van and Froyen, Ludo and Rombouts, Marleen},
  journal={Rapid prototyping journal},
  volume={11},
  number={1},
  pages={26--36},
  year={2005},
  publisher={Emerald Group Publishing Limited}
}

@book{champagne2007cold,
  title={The cold spray materials deposition process},
  author={Champagne, Victor K and others},
  year={2007},
  publisher={Elsevier}
}
@article{stoltenhoff2002analysis,
  title={An analysis of the cold spray process and its coatings},
  author={Stoltenhoff, T and Kreye, H and Richter, HJ},
  journal={Journal of Thermal spray technology},
  volume={11},
  number={4},
  pages={542--550},
  year={2002},
  publisher={Springer}
}
@article{yuan2019solidification,
  title={Solidification Defects in Additive Manufactured Materials},
  author={Yuan, Lang},
  journal={JOM},
  volume={71},
  number={9},
  pages={3221--3222},
  year={2019},
  publisher={Springer}
}
@article{wu2020skinning,
  title={Skinning a Parameterization of Three-Dimensional Space for Neural Network Cloth},
  author={Wu, Jane and Geng, Zhenglin and Zhou, Hui and Fedkiw, Ronald},
  journal={arXiv preprint arXiv:2006.04874},
  year={2020}
}
@article{gibou2003level,
  title={A level set approach for the numerical simulation of dendritic growth},
  author={Gibou, Fr{\'e}d{\'e}ric and Fedkiw, Ronald and Caflisch, Russel and Osher, Stanley},
  journal={Journal of Scientific Computing},
  volume={19},
  number={1-3},
  pages={183--199},
  year={2003},
  publisher={Springer}
}
@article{pruss2007existence,
  title={Existence of analytic solutions for the classical Stefan problem},
  author={Pruss, Jan and Saal, Jurgen and Simonett, Gieri},
  journal={Mathematische Annalen},
  volume={338},
  number={3},
  pages={703--756},
  year={2007},
  publisher={Citeseer}
}

@article{peihierarchical,
  title={A Hierarchical Space-Time Spectral Element and Moment-of-Fluid Method for Improved Capturing of Vortical Structures in Incompressible Multi-phase/Multi-material Flows},
  author={Pei, Chaoxu and Vahab, Mehdi and Sussman, Mark and Hussaini, M Yousuff},
  journal={Journal of Scientific Computing},
  volume={81},
  number={3},
  pages={1527--1566},
  year={2019},
  publisher={Springer}
}

@article{OHTA201966,
	title = {A three-dimensional numerical study on the dynamics and deformation of a bubble rising in a hybrid Carreau and FENE-CR modeled polymeric liquid},
	journal = {Journal of Non-Newtonian Fluid Mechanics},
	volume = {265},
	pages = {66-78},
	year = {2019},
	issn = {0377-0257},
	doi = {https://doi.org/10.1016/j.jnnfm.2018.12.012},
	url = {https://www.sciencedirect.com/science/article/pii/S0377025718301952},
	author = {Mitsuhiro Ohta and Tomohiro Furukawa and Yutaka Yoshida and Mark Sussman},
	keywords = {Bubble rise motion, Viscoelastic property, Shear-thinning property, Hybrid non-Newtonian model, Multiphase flow}
}

@article{gorokhovski2008modeling,
  title={Modeling primary atomization},
  author={Gorokhovski, Mikhael and Herrmann, Marcus},
  journal={Annu. Rev. Fluid Mech.},
  volume={40},
  pages={343--366},
  year={2008},
  publisher={Annual Reviews}
}

@misc{manninen1996mixture,
  title={On the mixture model for multiphase flow},
  author={Manninen, Mikko and Taivassalo, Veikko and Kallio, Sirpa and others},
  year={1996},
  publisher={Technical Research Centre of Finland Finland}
}

@article{machenhauer1997implementation,
  title={The implementation of the semi-implicit scheme in cell-integrated semi-Lagrangian models},
  author={Machenhauer, Bennert and Olk, Markus},
  journal={Atmosphere-Ocean},
  volume={35},
  number={sup1},
  pages={103--126},
  year={1997},
  publisher={Taylor \& Francis}
}

@article{nair2002mass,
  title={The mass-conservative cell-integrated semi-Lagrangian advection scheme on the sphere},
  author={Nair, Ramachandran D and Machenhauer, Bennert},
  journal={Monthly Weather Review},
  volume={130},
  number={3},
  pages={649--667},
  year={2002}
}

@article{kaiser2020semi,
  title={A semi-implicit conservative sharp-interface method for liquid-solid phase transition},
  author={Kaiser, JWJ and Adami, S and Akhatov, IS and Adams, NA},
  journal={International Journal of Heat and Mass Transfer},
  volume={155},
  pages={119800},
  year={2020},
  publisher={Elsevier}
}

@article{bao2000numerical,
title={Numerical simulations of air--sea interaction under high wind conditions using a coupled model: A study of hurricane development},
author={Bao, JW and Wilczak, JM and Choi, JK and Kantha, LH},
journal={Monthly Weather Review},
volume={128},
number={7},
pages={2190--2210},
year={2000}
}

@article{arienti2017numerical,
  title={A numerical study of the thermal transient in high-pressure diesel injection},
  author={Arienti, Marco and Sussman, Mark},
  journal={International Journal of Multiphase Flow},
  volume={88},
  pages={205--221},
  year={2017},
  publisher={Elsevier}
}
@article{mittal2020flow,
  title={The flow physics of COVID-19},
  author={Mittal, Rajat and Ni, Rui and Seo, Jung-Hee},
  journal={Journal of fluid Mechanics},
  volume={894},
  year={2020},
  publisher={Cambridge University Press}
}

@article{COLELLA2006347,
title = {A Cartesian grid embedded boundary method for 
	hyperbolic conservation laws},
journal = {Journal of Computational Physics},
volume = {211},
number = {1},
pages = {347-366},
year = {2006},
issn = {0021-9991},
doi = {https://doi.org/10.1016/j.jcp.2005.05.026},
url = {https://www.sciencedirect.com/science/article/pii/S0021999105002780},
author = {Phillip Colella and Daniel T. Graves and Benjamin J. Keen and David Modiano}  }

@article{BERGER2015180,
title = {A note on the stability of cut cells and cell merging},
journal = {Applied Numerical Mathematics},
volume = {96},
pages = {180-186},
year = {2015},
issn = {0168-9274},
doi = {https://doi.org/10.1016/j.apnum.2015.05.003},
url = {https://www.sciencedirect.com/science/article/pii/S0168927415000896},
author = {Marsha Berger},
keywords = {Cut cell, Cell merging, Stability, Embedded boundary} }

@article{nielsen2012feasibility,
  title={Feasibility study of the parareal algorithm},
  author={Nielsen, Allan S},
  journal={Ph. D. dissertation},
  year={2012},
  publisher={Citeseer}
}

@phdthesis{diao2020parareal,
  title={The Parareal Algorithm Applied to the Stefan Problem},
  author={Diao, Peng},
  year={2020},
  school={The Florida State University}
}

@article{WANG2021110239,
title = {A phase-field method for boiling heat transfer},
journal = {Journal of Computational Physics},
volume = {435},
pages = {110239},
year = {2021},
issn = {0021-9991},
doi = {https://doi.org/10.1016/j.jcp.2021.110239},
url = {https://www.sciencedirect.com/science/article/pii/S0021999121001340},
author = {Zhicheng Wang and Xiaoning Zheng and Chryssostomos Chryssostomidis and George Em Karniadakis},
keywords = {Boiling heat transfer, Phase field method, Velocity correction scheme, Entropy viscosity method} }

@article{pei2018space,
  title={A space-time discontinuous Galerkin spectral element method for the Stefan problem},
  author={Pei, Chaoxu and Sussman, Mark and Hussaini, M Yousuff},
  journal={Discrete \& Continuous Dynamical Systems-B},
  volume={23},
  number={9},
  pages={3595},
  year={2018},
  publisher={American Institute of Mathematical Sciences}
}

@article{helenbrook2018high,
  title={High-order adaptive arbitrary-Lagrangian--Eulerian (ALE) simulations of solidification},
  author={Helenbrook, BT and Hrdina, J},
  journal={Computers \& Fluids},
  volume={167},
  pages={40--50},
  year={2018},
  publisher={Elsevier}
}


@article{ronquist1987legendre,
  title={A Legendre spectral element method for the Stefan problem},
  author={R{\o}nquist, Einar M and Patera, Anthony T},
  journal={International journal for numerical methods in engineering},
  volume={24},
  number={12},
  pages={2273--2299},
  year={1987},
  publisher={Wiley Online Library}
}

@article{bartrons2018finite,
  title={A finite volume method to solve the frost growth using dynamic meshes},
  author={Bartrons, Eduard and Oliet, Carles and Gutierrez, Enrique and Naseri, Alireza and P{\'e}rez-Segarra, Carlos David},
  journal={International Journal of Heat and Mass Transfer},
  volume={124},
  pages={615--628},
  year={2018},
  publisher={Elsevier}
}

@article{bellet2004ale,
  title={ALE method for solidification modelling},
  author={Bellet, Michel and Fachinotti, Victor D},
  journal={Computer Methods in Applied Mechanics and Engineering},
  volume={193},
  number={39-41},
  pages={4355--4381},
  year={2004},
  publisher={Elsevier}
}

@article{prasad2000full,
  title={A full 3-dimensional adaptive finite volume scheme for transport and phase-change processes, Part I: formulation and validation},
  author={Prasad, A Chatterjee, V},
  journal={Numerical Heat Transfer: Part A: Applications},
  volume={37},
  number={8},
  pages={801--821},
  year={2000},
  publisher={Taylor \& Francis}
}

@article{chatterjee2000full,
  title={A full 3-dimensional adaptive finite volume scheme for transport and phase-change processes, part II: Application to crystal growth},
  author={Chatterjee, A and Prasad, V and Sun, D},
  journal={Numerical Heat Transfer: Part A: Applications},
  volume={37},
  number={8},
  pages={823--843},
  year={2000},
  publisher={Taylor \& Francis}
}

@article{ghosh1993arbitrary,
  title={An arbitrary Lagrangian-Eulerian finite element model for heat transfer analysis of solidification processes},
  author={Ghosh, Somnath and Moorthy, Suresh},
  journal={Numerical Heat Transfer},
  volume={23},
  number={3},
  pages={327--350},
  year={1993},
  publisher={Taylor \& Francis}
}

@article{kumar2006modeling,
  title={Modeling moving-boundary problems of solidification and melting adopting an arbitrary Lagrangian-Eulerian approach},
  author={Kumar, V and Durst, F and Ray, S},
  journal={Numerical Heat Transfer, Part B: Fundamentals},
  volume={49},
  number={4},
  pages={299--331},
  year={2006},
  publisher={Taylor \& Francis}
}

@article{lynch1981continuously,
  title={Continuously deforming finite elements for the solution of parabolic problems, with and without phase change},
  author={Lynch, Daniel R and O'Neill, Kevin},
  journal={International journal for numerical methods in engineering},
  volume={17},
  number={1},
  pages={81--96},
  year={1981},
  publisher={Wiley Online Library}
}


@article{loubere2005subcell,
  title={A subcell remapping method on staggered polygonal grids for arbitrary-Lagrangian--Eulerian methods},
  author={Loubere, Rapha{\"e}l and Shashkov, Mikhail J},
  journal={Journal of Computational Physics},
  volume={209},
  number={1},
  pages={105--138},
  year={2005},
  publisher={Elsevier}
}

@article{caramana1998elimination,
  title={Elimination of artificial grid distortion and hourglass-type motions by means of Lagrangian subzonal masses and pressures},
  author={Caramana, EJ and Shashkov, MJ},
  journal={Journal of Computational Physics},
  volume={142},
  number={2},
  pages={521--561},
  year={1998},
  publisher={Elsevier}
}

@article{rhie1983numerical,
title={Numerical study of the turbulent flow past an airfoil with trailing edge separation},
author={Rhie, Chae M and Chow, Wei-Liang},
journal={AIAA journal},
volume={21},
number={11},
pages={1525--1532},
year={1983}
}

@article{GUITTET2015215,
title = {A stable projection method for the incompressible Navier–Stokes equations on arbitrary geometries and adaptive Quad/Octrees},
journal = {Journal of Computational Physics},
volume = {292},
pages = {215-238},
year = {2015},
issn = {0021-9991},
doi = {https://doi.org/10.1016/j.jcp.2015.03.024},
url = {https://www.sciencedirect.com/science/article/pii/S0021999115001710},
author = {Arthur Guittet and Maxime Theillard and Frédéric Gibou},
keywords = {Navier–Stokes, Incompressible, Viscosity, Level-set, Irregular domains, MAC grid, Sharp, Quad/Octrees, Adaptive mesh refinement, Stable projection method}
}

@article{BIRD1980213,
	title = {Polymer solution rheology based on a finitely extensible bead—spring chain model},
	journal = {Journal of Non-Newtonian Fluid Mechanics},
	volume = {7},
	number = {2},
	pages = {213-235},
	year = {1980},
	issn = {0377-0257},
	doi = {https://doi.org/10.1016/0377-0257(80)85007-5},
	url = {https://www.sciencedirect.com/science/article/pii/0377025780850075},
	author = {R.B. Bird and P.J. Dotson and N.L. Johnson}
}

@article{PURNODE19981,
	title = {Polymer solution characterization with the FENE-P model},
	journal = {Journal of Non-Newtonian Fluid Mechanics},
	volume = {77},
	number = {1},
	pages = {1-20},
	year = {1998},
	issn = {0377-0257},
	doi = {https://doi.org/10.1016/S0377-0257(97)00096-7},
	url = {https://www.sciencedirect.com/science/article/pii/S0377025797000967},
	author = {B. Purnode and M.J. Crochet},
	keywords = {FENE-P model, Polymer solution characterization, Elongational viscosity}
}

@article{PLUNKETT2014121,
	title = {Spatially adaptive stochastic methods for fluid–structure interactions subject to thermal fluctuations in domains with complex geometries},
	journal = {Journal of Computational Physics},
	volume = {277},
	pages = {121-137},
	year = {2014},
	issn = {0021-9991},
	doi = {https://doi.org/10.1016/j.jcp.2014.07.051},
	url = {https://www.sciencedirect.com/science/article/pii/S0021999114005440},
	author = {Pat Plunkett and Jonathan Hu and Christopher Siefert and Paul J. Atzberger},
	keywords = {Stochastic Eulerian Lagrangian method, Immersed boundary method, Adaptive numerical methods, Multigrid, Stochastic numerical methods, Stochastic partial differential equations}
}

@article{wang2018fluctuating,
title={Fluctuating hydrodynamic methods for fluid-structure interactions in confined channel geometries},
author={Wang, Yaohong and Lei, HUAN and Atzberger, PAUL J},
journal={Applied Mathematics and Mechanics},
volume={39},
number={1},
pages={125--152},
year={2018},
publisher={Springer}
}
